2367 3850
301 117 648 201 x—r-
918 123 1009 214 ιιι

27 281 154 350 ποῦσα
169 277 230 368 τῆν
243 277 325 368 μετά
339 277 463 369 μητρδς
476 286 653 371 οἰκουρίαν
664 280 836 369 παρθένος
850 284 1010 373 ἐπίγαμος

28 390 82 462 εἰς
98 379 207 470 ὄχλον
229 379 334 472 αὑτῆν
354 389 483 476 ἔδωκεν
502 381 655 472 ἀγυῦτα,
677 387 736 453 καὶ
759 382 905 466 πολλοῦς
924 396 1007 476 λαμ-

26 485 160 572 βάνων
185 484 363 574 λογισμοῦς
388 485 533 567 ἀτόπους
552 492 720 558 τελευτῶν
740 489 796 556 έπλ
810 486 888 578 τρῦς
904 491 1007 560 ἐπιει-

26 605 107 668 κεις
123 591 184 659 καὶ
198 589 461 714 φιλανθρώπους
474 585 705 677 άπέκλινευ,“
681 616 727 670 ως
740 588 960 670 ἀσπάσασθαί
968 617 1007 662 τε

4 691 170 816 ιπρρότη
179 690 237 760 τόν
253 695 409 764 σωθέντα
429 690 587 818 ἀδελφὸν
597 696 754 764 ποθοῦσα
775 691 886 762 ml*
850 721 908 775 τας
926 691 1005 784 ἀρε·
1022 709 1041 758 5
1126 719 1128 724 ·

26 793 93 875 τάς
121 800 192 864 τῦν
212 795 429 920 τεθνηκότων
448 792 531 885 παρ’
545 792 652 865 αὐτοῦ
670 805 796 884 μαθεῖν
818 798 1006 920 βουλομένη

28 903 110 966 τῶν
132 893 351 986 εὐσχημόνων
369 894 525 986 ῦπερίδοι
546 897 744 996 γυναικεῖόν
765 925 798 967 τι
820 898 1005 986 πάσχουσα.

28 999 52 1089 ῆ
87 996 170 1070 δέ”
148 1027 214 1085 αρα
228 996 269 1068 οῦ
282 999 362 1080 τοῦς
381 998 549 1087 ἀδελφοὺς
569 1005 727 1072 ποθοῦσα
747 998 807 1079 τάς
820 998 1007 1090 ἀσυνήθεις

30 1103 227 1190 ἐτόλμησεν
248 1105 400 1185 ἐξελθεῖν
424 1099 542 1190 δδοῦς,
574 1100 649 1172 ἀλλ’
673 1110 771 1189 ἔρωτι
794 1106 1005 1193 κρατουμένη

30 1211 114 1275 τῶν
132 1203 284 1286 ἀνεψιάν
297 1203 388 1291 ένδς,
406 1195 433 1299 ςά
448 1205 711 1295 καθωμολόγητο
724 1202 792 1274 ῦπδ
804 1211 865 1275 τοῦ
879 1205 1004 1295 πατρὸς
1023 1223 1056 1274 10

32 1311 94 1378 ἐπὶ
111 1306 225 1400 γάμῳ,
241 1311 297 1378 καὶ
310 1308 505 1395 κρύπτουσα
518 1307 556 1378 τὸ
569 1309 680 1389 πάθος
698 1305 890 1398 ἀπόρρητον
911 1313 1003 1379 ἐπει-

35 1410 81 1500 δὴ
108 1415 177 1480 τιῦν
195 1408 261 1480 ἀπὸ
280 1413 343 1480 τοῦ
362 1413 591 1499 στρατοπέδου
613 1409 704 1491 τινὸς
729 1409 877 1499 ῆκουσεν
894 1408 1002 1499 ἀπαγ-

33 1517 219 1602 γέλλοντος
232 1511 273 1610 τά
286 1515 363 1601 περὶ
377 1511 439 1603 τῆν
451 1513 576 1602 μάχην,
597 1511 710 1585 οάκέπι
726 1515 903 1601 κατέσχεν,
925 1511 1001 1584 ἀλλ’

34 1621 227 1687 ἐκλιποῦσα
253 1614 315 1706 τῆν
342 1622 453 1686 οἰκίαν
479 1613 591 1707 ὥσπερ
620 1622 657 1700 αλ
680 1614 840 1706 μαινάδες
866 1618 1004 1705 ἐφέρετο
1067 1606 1071 1620 ’

35 1716 126 1809 πρὸς
144 1717 202 1800 τάς
216 1719 323 1800 πύλας
336 1716 438 1789 οῦδὲν
452 1721 719 1808 ἐπιστρεφομένη
737 1723 795 1808 τῆς
814 1716 1001 1788 ἀνακαλοῦ·
1023 1736 1054 1788 15

36 1845 104 1911 σης
118 1846 153 1892 τε
168 1825 223 1891 καὶ
241 1821 512 1911 μεταδιωκούσης
531 1826 669 1912 τροφοῦ.
705 1825 768 1905 ἔξω
782 1822 822 1892 δέ
840 1823 1006 1910 γενομένη
1150 1829 1154 1838 ’

36 1933 100 2015 τῆς
120 1924 249 2007 πόλεως
269 1921 312 2007 τός
326 1924 386 1997 τὸν
398 1924 548 2015 ἀδελφόν
566 1926 637 1997 εἶδε
654 1930 818 2015 περιχαρῆ
830 1918 908 2005 τοῦς
930 1928 1003 1995 έπι·

37 2037 173 2109 νικίους
188 2032 397 2118 ἐπικείμενον
410 2028 617 2116 στεφάνους,
636 2024 688 2109 οἷς
698 2024 834 2097 αάτδνὸ
847 2019 1006 2115 βασιλεῦς

38 2130 203 2220 ἀνέδησε,
227 2134 283 2201 καί
304 2130 382 2216 τοῦς
396 2134 546 2219 ἑταίρους
566 2129 672 2201 αῦτοῦ
692 2131 857 2217 φέροντας
873 2127 915 2197 τά
935 2133 1006 2210 τῦν

39 2237 309 2323 πεφονευμένων
321 2239 445 2320 σκῦλα,
468 2236 507 2303 έν
520 2229 569 2314 οἷς
583 2224 627 2323 ῆν
645 2234 770 2312 πέπλος
782 2239 949 2317 ποικίλος,
964 2227 1007 2301 δν
1021 2251 1057 2303 20

40 2334 129 2427 αῦτῆ
139 2337 227 2462 μετά
244 2342 301 2427 τῆς
314 2336 436 2427 μητρὸς
449 2335 687 2427 ἐξυφήνασα
655 2340 702 2403 τῦ
715 2338 879 2422 μνηστῆρι
892 2338 1006 2456 δῦρρν

43 2446 91 2521 εἰς
112 2438 173 2511 τδν
192 2442 354 2529 μέλλοντα
381 2440 489 2528 γάμον
510 2435 709 2509 ἀπεστάλκει
733 2439 919 2519 (ποικίλους
939 2433 1004 2526 γάρ

4 2562 24 2615 θ
44 2551 122 2624 ἔθος
144 2545 235 2612 ἐστίν
254 2540 508 2640 ἀμφιέννυσθαι
522 2544 669 2620 πέπλους
683 2545 839 2609 Λατίνων
858 2554 927 2619 τοῖς
945 2564 1004 2626 με

44 2654 153 2718 πιοῦσι
169 2644 395 2735 τάςνόμφας),
408 2650 527 2715 τοῦτον
543 2639 630 2733 δῆ
596 2670 658 2713 τον
672 2645 801 2712 πέπλον
809 2642 1005 2730 θεασαμένη

27 2751 322 2842 ,πεφυρμένοΝ
283 2776 397 2839 αιματι
423 2747 483 2817 τόν
503 2774 540 2815 τε
562 2750 688 2833 χιτῦνα
707 2743 928 2835 κατερρήξατο
947 2745 1005 2813 καὶ
1022 2766 1056 2817 νε

43 2868 123 2933 ταις
134 2853 250 2939 χερσὶν
271 2848 475 2941 ἀμφοτέραις
495 2854 641 2936 παίουσα
660 2846 697 2917 τό
720 2853 845 2937 στῆθος
867 2846 1006 2934 έθρῆνει

44 2958 99 3025 καὶ
111 2951 305 3023 ἀνεκαλεῖτο
319 2953 378 3025 τόν
388 2950 539 3036 ἀνεψιὸν,
555 2949 640 3033 ὥστε
659 2948 786 3039 πολλῆν
802 2949 1007 3036 κατάπληξιν

46 3064 217 3127 είσελθελν
234 3054 384 3137 ἅπαντας
401 3052 473 3125 ὅσοι
494 3052 580 3124 κατά
591 3050 651 3123 τόν
667 3051 772 3125 αῦτόν
785 3043 873 3143 ῆσαν
890 3049 1006 3119 τόπον.

45 3158 325 3250 ἀνακλαυσαμένη
343 3160 381 3229 δὲ
395 3156 455 3227 τὸν
474 3156 580 3246 μόρον
598 3161 659 3225 τοῦ
671 3159 857 3245 μνηστῆρος
876 3149 1008 3222 ἀτενέσι

46 3259 359 3350 τοτςόφθαλμοῑςεί
358 3254 855 3351 ςτδνάδελφδνδρᾷκαλλέμει
862 3253 1005 3343 Μιαρά-
1024 3268 1058 3321 θυ

46 3392 123 3436 τοτε
135 3362 310 3455 ἀνθρωπε,
321 3372 446 3455 χαίρεις
455 3360 654 3441 ἀποκτείνας
662 3388 740 3440 τους
753 3357 913 3441 ανευιους
921 3355 1007 3446 καμδ

39 3467 108 3570 τὴν
129 3474 326 3539 παναθλίαν
339 3464 524 3556 ἀδελφῆν’
506 3462 734 3552 αποστερῆσας
753 3460 880 3549 γάμου,
908 3452 1009 3530 ἀδῦ·
1126 3540 1132 3555 Ι

96 3598 217 3635 mom.
817 3572 856 3633 16
