2367 3850
131 126 226 189 -76
499 116 774 181 ·-Α·-

185 285 325 377 σάμενοί
335 308 371 353 τε
384 280 445 373 τὴν
458 278 626 375 ἀντίβασιν
639 286 676 354 ἐν
689 287 736 377 τῷ
748 281 943 386 καλουμένῳ
954 272 1136 369 νῦνἘλλη-
1164 307 1168 338 ῑ

186 388 319 483 σαόντμ
333 388 410 476 περὶ
423 384 485 475 τὴν
499 382 642 475 ὕστερον
658 380 845 475 κληθεῖσαν
857 412 875 455 ο
876 392 1037 469 ίκίζονται
1052 391 1137 473 Φρυ-

185 502 280 582 γίαν,
287 490 405 571 Ἰδοιίος
416 490 479 579 μέν
490 485 698 579 ὁΔαρδάνου
711 492 862 578 μέρος
822 516 880 577 της
890 490 1048 576 στρατιάς
1061 492 1166 575 ἔχων·

185 601 224 669 ἐν
237 610 305 676 τοῖς
314 592 439 683 ορεσιν,
454 589 476 663 δι
490 598 556 663 νῦν
565 590 702 669 'Idam'
682 620 728 663 αττ
733 590 888 663 ’ἐκείνου
902 589 1047 690 λέγεται,
1062 597 1140 661 ἔνθα

151 716 168 768 ο
185 701 285 790 μητρὶ
297 700 420 769 θεοῖν
404 693 495 785 ιερδν
514 694 771 822 ίδρυσάμενος”
753 724 851 787 οργια
864 698 920 765 καί
932 692 1068 774 τελετὰς
1086 720 1139 762 κα·

186 801 445 891 τεστησατο,αἱ
410 800 578 870 αἳίκαὶ
547 807 595 880 είς
612 796 692 870 τάδε
716 800 840 888 χρόνον
861 799 1083 888 διαμένουσιν
1108 798 1141 868 ἐν

187 904 276 994 τιάοη
300 909 449 995 Φρυγίᾳ
468 902 659 1030 Δάρδανος
685 899 718 973 δ’
739 906 778 973 έν
804 930 845 993 τη
831 903 1059 990 καλουμένη
1080 904 1141 969 νῦν

99 1024 100 1032 ’
191 1007 324 1097 Τρωάδι
344 1006 443 1077 πόλιν
460 1000 642 1095 ὁμώνυμον
665 1002 757 1101 αάτιμ
778 1003 1045 1087 κατασκευάσας,
1067 1002 1141 1072 δάν-

186 1139 241 1192 τος
260 1108 404 1203 αὐτῷτδι
423 1116 528 1235 χωρία
553 1106 705 1197 Τεύκρου
723 1077 942 1199 βασιλέως,’
922 1104 982 1196 αφ’
999 1134 1043 1176 ου
1026 1096 1140 1176 Τευ-

136 1229 169 1283 10
186 1215 259 1305 κρὶς
272 1210 459 1302 τδάρχαίον
472 1208 493 1302 ἡ
506 1242 548 1302 γη
535 1215 708 1301 ἐλέγετο·
719 1218 840 1283 τοῦτον
854 1212 898 1283 δε
904 1208 999 1281 άλλοι
1011 1237 1050 1280 τε
1062 1218 1164 1279 2202·-

187 1320 241 1389 λοί
254 1318 310 1387 καί
326 1312 561 1405 Φανόδημος
546 1344 563 1385 ο
577 1345 640 1406 την
655 1313 809 1406 Ἀττικὴν
820 1314 951 1406 γράψας
968 1310 1140 1402 άρχαιολο

51 1494 52 1498 ,
185 1426 266 1519 γίαη
279 1423 374 1491 ἐκ
334 1446 392 1509 της
411 1416 557 1509 Ἀττικῆς
570 1424 765 1509 μετοικῆσαί
773 1440 880 1508 φασιν
892 1424 939 1499 είς
923 1414 1015 1506 ςτην
1033 1414 1142 1485 Ἀσίαν
1171 1457 1172 1518 3

173 1523 346 1613 δήμουΜ
315 1548 549 1605 αυαεταιωνος
574 1520 719 1612 άρχοντοι
739 1525 795 1592 καὶ
816 1518 924 1593 πολλὰ
945 1522 1172 1609 παρέχονται

185 1654 246 1698 του
233 1626 361 1715 λόγου
373 1625 542 1716 τεκμήρια.
569 1625 778 1753 κρατήσαντα
792 1624 892 1697 δὲ’
844 1652 953 1715 χωρας
968 1627 1095 1712 συχνῆς
1110 1649 1172 1691 τε

136 1750 169 1803 15
186 1732 242 1801 καὶ
258 1726 390 1818 ἀγαθῆς
407 1725 522 1798 καὶ’
483 1756 525 1798 ου
545 1728 632 1800 πολδ
649 1756 686 1799 το
674 1726 879 1819 έιτιχοίριον
893 1726 1033 1816 ἐχούσης
1050 1727 1142 1813 γένος
1157 1701 1173 1814 ιδ

158 1829 383 1920 άσμένως
349 1859 409 1901 τον
422 1831 631 1920 Δάρδανονί
617 1840 705 1904 ίδεῐν
722 1830 825 1903 καὶ
793 1860 829 1903 το
842 1830 908 1901 σὺν
930 1826 1023 1925 αὐτῷ
1036 1853 1142 1917 ααρα

186 1935 368 2026 γενόμενον
382 1931 591 2025 Ἑλληνικὸν,
613 1942 681 2007 τῶν
698 1964 735 2006 τε
755 1935 838 2027 πρὸς
857 1963 935 2014 τους
952 1932 1145 2023 βαρβάρους

116 2033 121 2048 ’
186 2042 342 2128 πολέμιον
355 2043 574 2129 συμμαχίας“
553 2068 654 2110 ενεκα
665 2042 721 2112 καὶ
735 2037 877 2129 ἵναὴ
833 2068 876 2129 γη
889 2035 934 2128 μὴ
946 2066 969 2128 η
955 2029 1113 2126 ἔρημος.

263 2141 362 2212 LXH.
382 2139 531 2212 Ἀτιαιτεί
543 2143 580 2212 δὲ
599 2141 618 2212 ὁ
631 2143 728 2232 λόγος
742 2145 798 2212 καὶ
816 2141 877 2213 τὸν
890 2147 1035 2210 Αίνείαυ
1049 2142 1083 2222 ἐξ
1097 2129 1145 2208 ὧν
1171 2174 1172 2195 ÷

135 2265 169 2320 20
186 2254 253 2336 ἔφυ
268 2243 509 2334 διηγήσασθαι·
533 2254 672 2339 βραχείᾳ
685 2245 727 2336 δη
741 2247 909 2316 καὶτοῦτο
927 2241 1074 2333 δηλάσει
1086 2263 1143 2332 ση-

186 2354 289 2438 μανῶ.
316 2347 494 2437 Δάρδανος
508 2347 625 2438 έτιειδη
637 2349 776 2440 Χράσην
789 2347 851 2439 την
869 2350 1066 2427 Πάλλαντος
1077 2357 1143 2416 θυ-

121 2490 123 2496 v
185 2447 324 2541 γατέρα,
347 2455 380 2536 ἐξ
394 2441 432 2540 ἧς
445 2454 479 2522 οί
487 2452 646 2543 ,πρότεροι
659 2458 778 2534 παῖδας
790 2444 944 2541 ἐγένοντο
957 2447 1066 2543 αὐτῷ,
1090 2476 1143 2518 τε·

186 2560 343 2644 λευτῆσοιι
355 2555 535 2644 συνέπεσε,
549 2563 707 2626 Βατίειαν
719 2571 821 2644 γαμολ
834 2552 897 2644 την
915 2553 1066 2640 Τεύκρου
1078 2563 1144 2622 θυ-

81 2715 86 2740 ,
151 2653 152 2657 ¹
185 2659 323 2745 γατέρα·
341 2659 539 2747 καὶγίνεται
553 2674 632 2740 ναις
645 2656 737 2752 αὐτῷ
752 2655 973 2748 Ἐριχθόνιος,
987 2654 1024 2738 ὃς
1036 2651 1145 2726 ἁπάν-

136 2761 254 2830 νὸταν
280 2755 473 2886 άνθροίαμνν
507 2760 801 2852 εὐδαιμονέστατος
826 2764 956 2850 λέγεται
985 2761 1147 2849 γενέσθαι

186 2866 244 2952 τῆς
265 2889 301 2932 τε
316 2863 596 2958 πατρῷοςκαὶ
556 2893 614 2955 της
621 2863 694 2936 ὑπὸ
706 2872 754 2959 τῷ
767 2864 992 2955 μητροπάτορι
1006 2865 1146 2951 γενομέ-

52 2975 54 2979 ’
72 3017 93 3067 J
186 2993 247 3092 νης
260 2964 550 3054 κληρονομησας’
532 2974 644 3057 αρχῆς.
669 2965 878 3059 Ἐριχθονίου
895 2969 931 3038 δὲ
949 2968 1006 3037 καὶ
1019 2974 1148 3036 Καλλι-

187 3068 266 3158 ρόης
291 3095 349 3158 της
379 3068 607 3160 Σκαμάνδρου
634 3079 763 3161 γίνεται
791 3067 945 3160 Τρως,’
926 3067 989 3159 αφ’
1018 3059 1061 3138 οὗ
1082 3097 1150 3159 την

186 3171 429 3261 ἐπωνυμίαν
396 3201 433 3244 το
447 3180 546 3254 ἔθνος
561 3183 645 3264 ἔχει
664 3175 777 3265 Τρωὸς
790 3175 830 3252 δέ
844 3175 899 3246 καί
909 3171 1150 3259 Ἀκαλλαρίδος

136 3293 170 3346 30
186 3302 244 3365 της
256 3273 455 3365 ΙΕυμηδους’
449 3270 681 3367 Ἀσσάρακος
658 3299 718 3368 ην·
741 3278 863 3349 τούτου
884 3277 922 3348 δὲ
936 3279 992 3346 καί
1012 3283 1148 3345 Κλυτο-

188 3377 298 3470 δοίρας
316 3383 375 3468 τῆς
387 3382 618 3469 Λαομέδοντος
632 3382 766 3463 Κάπυς·
785 3381 923 3462 Κάπυος
938 3381 975 3450 δέ
987 3380 1043 3450 καὶ
1058 3377 1148 3468 νάμ-

60 3517 62 3521 ’
115 3507 116 3510 ’
187 3507 255 3570 φης
273 3482 423 3565 Ναϊάδος
442 3481 655 3576 Ἱερομνήμης
674 3483 840 3576 Ἀγχίσης·
858 3482 1014 3575 Ἀγχίσου
1033 3480 1071 3552 δέ
1090 3485 1150 3553 καί
1171 3510 1172 3541 ι
