<?xml version="1.0" encoding="UTF-8"?>
<!DOCTYPE html PUBLIC "-//W3C//DTD XHTML 1.0 Transitional//EN"
    "http://www.w3.org/TR/xhtml1/DTD/xhtml1-transitional.dtd">
<html xmlns="http://www.w3.org/1999/xhtml" xml:lang="en" lang="en">
 <head>
  <title>
</title>
<meta http-equiv="Content-Type" content="text/html;charset=utf-8" />
  <meta name='ocr-system' content='tesseract 3.04.00' />
  <meta name='ocr-capabilities' content='ocr_page ocr_carea ocr_par ocr_line ocrx_word'/>
</head>
<body>
  <div class='ocr_page' id='page_1' title='image "./dionysihalicarn00kiesgoog/dionysihalicarn00kiesgoog_0246.png"; bbox 0 0 2367 3850; ppageno 0'>
   <div class='ocr_carea' id='block_1_1' title="bbox 517 131 825 204">
    <p class='ocr_par' dir='ltr' id='par_1_1' title="bbox 517 131 825 204">
     <span class='ocr_line' id='line_1_1' title="bbox 517 131 825 204; baseline 0 0"><span class='ocrx_word' id='word_1_1' title='bbox 517 131 825 204; x_wconf 12' lang='lat' dir='ltr'><strong><em>x-ss--a</em></strong></span> 
     </span>
    </p>
   </div>
   <div class='ocr_carea' id='block_1_2' title="bbox 122 289 1183 3470">
    <p class='ocr_par' dir='ltr' id='par_1_2' title="bbox 122 289 1183 3470">
     <span class='ocr_line' id='line_1_2' title="bbox 171 289 1138 384; baseline 0 -22"><span class='ocrx_word' id='word_1_2' title='bbox 171 302 289 384; x_wconf 80' lang='grc' dir='ltr'><strong><em>φιλίαν</em></strong></span> <span class='ocrx_word' id='word_1_3' title='bbox 299 293 553 382; x_wconf 76' lang='grc' dir='ltr'><strong><em>παραγενομένῃ</em></strong></span> <span class='ocrx_word' id='word_1_4' title='bbox 568 290 607 362; x_wconf 85' lang='grc' dir='ltr'><strong><em>τὸ</em></strong></span> <span class='ocrx_word' id='word_1_5' title='bbox 618 291 779 384; x_wconf 88' lang='grc' dir='ltr'><strong><em>δεύτερον</em></strong></span> <span class='ocrx_word' id='word_1_6' title='bbox 796 294 850 362; x_wconf 81' lang='grc' dir='ltr'><strong><em>ἐπὶ</em></strong></span> <span class='ocrx_word' id='word_1_7' title='bbox 859 289 1138 382; x_wconf 79' lang='grc' dir='ltr'><strong><em>τούςῬωμαίους</em></strong></span> 
     </span>
     <span class='ocr_line' id='line_1_3' title="bbox 171 392 1138 485; baseline -0.004 -18"><span class='ocrx_word' id='word_1_8' title='bbox 171 395 368 468; x_wconf 88' lang='grc' dir='ltr'><strong><em>ἐλαύνουσι·</em></strong></span> <span class='ocrx_word' id='word_1_9' title='bbox 396 396 454 465; x_wconf 84' lang='grc' dir='ltr'><strong><em>καὶ</em></strong></span> <span class='ocrx_word' id='word_1_10' title='bbox 476 403 607 484; x_wconf 88' lang='grc' dir='ltr'><strong><em>γίνεται</em></strong></span> <span class='ocrx_word' id='word_1_11' title='bbox 633 395 736 466; x_wconf 81' lang='grc' dir='ltr'><strong><em>πόλιν</em></strong></span> <span class='ocrx_word' id='word_1_12' title='bbox 755 392 870 466; x_wconf 82' lang='grc' dir='ltr'><strong><em>αύτύν</em></strong></span> <span class='ocrx_word' id='word_1_13' title='bbox 883 395 971 485; x_wconf 88' lang='grc' dir='ltr'><strong><em>μάχη</em></strong></span> <span class='ocrx_word' id='word_1_14' title='bbox 992 393 1138 485; x_wconf 80' lang='grc' dir='ltr'><strong><em>καρτερὰ</em></strong></span> 
     </span>
     <span class='ocr_line' id='line_1_4' title="bbox 171 494 1139 588; baseline -0.002 -19"><span class='ocrx_word' id='word_1_15' title='bbox 171 506 230 587; x_wconf 77' lang='grc' dir='ltr'><strong><em>τῆς</em></strong></span> <span class='ocrx_word' id='word_1_16' title='bbox 252 499 402 588; x_wconf 80' lang='grc' dir='ltr'><em>Φιδήνης</em></span> <span class='ocrx_word' id='word_1_17' title='bbox 420 507 580 587; x_wconf 92' lang='grc' dir='ltr'><strong><em>πλησίον,</em></strong></span> <span class='ocrx_word' id='word_1_18' title='bbox 601 496 644 588; x_wconf 78' lang='grc' dir='ltr'><strong><em>ἢν</em></strong></span> <span class='ocrx_word' id='word_1_19' title='bbox 667 501 791 569; x_wconf 85' lang='grc' dir='ltr'><strong><em>ἐνίκων</em></strong></span> <span class='ocrx_word' id='word_1_20' title='bbox 809 494 971 588; x_wconf 68' lang='grc' dir='ltr'><strong><em>Ῥωμαῖοι</em></strong></span> <span class='ocrx_word' id='word_1_21' title='bbox 992 496 1139 578; x_wconf 84' lang='grc' dir='ltr'><strong><em>πολλούς</em></strong></span> 
     </span>
     <span class='ocr_line' id='line_1_5' title="bbox 174 599 1138 692; baseline -0.004 -20"><span class='ocrx_word' id='word_1_22' title='bbox 174 604 236 692; x_wconf 72' lang='grc' dir='ltr'><strong><em>μὲν</em></strong></span> <span class='ocrx_word' id='word_1_23' title='bbox 256 599 512 682; x_wconf 76' lang='grc' dir='ltr'><strong><em>ἀποκτείναντες</em></strong></span> <span class='ocrx_word' id='word_1_24' title='bbox 532 608 601 671; x_wconf 76' lang='grc' dir='ltr'><strong><em>τῶν</em></strong></span> <span class='ocrx_word' id='word_1_25' title='bbox 623 600 858 688; x_wconf 74' lang='grc' dir='ltr'><strong><em>Οὐιεντανῶν,</em></strong></span> <span class='ocrx_word' id='word_1_26' title='bbox 879 609 928 672; x_wconf 81' lang='grc' dir='ltr'><strong><em>ἐτι</em></strong></span> <span class='ocrx_word' id='word_1_27' title='bbox 950 603 986 671; x_wconf 70' lang='grc' dir='ltr'><strong><em>δὲ</em></strong></span> <span class='ocrx_word' id='word_1_28' title='bbox 1001 607 1138 680; x_wconf 91' lang='grc' dir='ltr'><strong><em>πλείους</em></strong></span> 
     </span>
     <span class='ocr_line' id='line_1_6' title="bbox 139 701 1139 829; baseline -0.004 -53"><span class='ocrx_word' id='word_1_29' title='bbox 139 705 402 794; x_wconf 69' lang='grc' dir='ltr'><strong><em>δαίχμαλύτους</em></strong></span> <span class='ocrx_word' id='word_1_30' title='bbox 423 705 594 829; x_wconf 80' lang='grc' dir='ltr'><strong><em>λαβόντες</em></strong></span> <span class='ocrx_word' id='word_1_31' title='bbox 629 704 714 776; x_wconf 82' lang='grc' dir='ltr'><strong><em>ἑάλω</em></strong></span> <span class='ocrx_word' id='word_1_32' title='bbox 738 705 774 773; x_wconf 72' lang='grc' dir='ltr'><strong><em>δὲ</em></strong></span> <span class='ocrx_word' id='word_1_33' title='bbox 790 707 847 774; x_wconf 88' lang='grc' dir='ltr'><strong><em>καὶ</em></strong></span> <span class='ocrx_word' id='word_1_34' title='bbox 867 733 884 773; x_wconf 94' lang='grc' dir='ltr'><strong><em>ο</em></strong></span> <span class='ocrx_word' id='word_1_35' title='bbox 872 701 1006 794; x_wconf 86' lang='grc' dir='ltr'><strong><em>χάραξ</em></strong></span> <span class='ocrx_word' id='word_1_36' title='bbox 1024 701 1139 772; x_wconf 76' lang='grc' dir='ltr'><strong><em>αύτεόν</em></strong></span> 
     </span>
     <span class='ocr_line' id='line_1_7' title="bbox 174 803 1139 898; baseline 0 -22"><span class='ocrx_word' id='word_1_37' title='bbox 174 806 293 898; x_wconf 86' lang='grc' dir='ltr'><strong><em>μεστός</em></strong></span> <span class='ocrx_word' id='word_1_38' title='bbox 314 803 362 876; x_wconf 76' lang='grc' dir='ltr'><strong><em>ἀν</em></strong></span> <span class='ocrx_word' id='word_1_39' title='bbox 375 809 554 898; x_wconf 79' lang='grc' dir='ltr'><strong><em>χρημάτων</em></strong></span> <span class='ocrx_word' id='word_1_40' title='bbox 574 835 611 876; x_wconf 91' lang='grc' dir='ltr'><strong><em>τε</em></strong></span> <span class='ocrx_word' id='word_1_41' title='bbox 632 811 688 882; x_wconf 81' lang='grc' dir='ltr'><strong><em>καὶ</em></strong></span> <span class='ocrx_word' id='word_1_42' title='bbox 703 805 817 876; x_wconf 83' lang='grc' dir='ltr'><strong><em>ὅπλων</em></strong></span> <span class='ocrx_word' id='word_1_43' title='bbox 831 810 886 878; x_wconf 83' lang='grc' dir='ltr'><strong><em>καὶ</em></strong></span> <span class='ocrx_word' id='word_1_44' title='bbox 901 807 1139 897; x_wconf 69' lang='grc' dir='ltr'><strong><em>ἀνδραπόδων,</em></strong></span> 
     </span>
     <span class='ocr_line' id='line_1_8' title="bbox 174 908 1136 1044; baseline 0 -66"><span class='ocrx_word' id='word_1_45' title='bbox 174 915 232 981; x_wconf 76' lang='grc' dir='ltr'><strong><em>καὶ</em></strong></span> <span class='ocrx_word' id='word_1_46' title='bbox 174 910 378 998; x_wconf 86' lang='grc' dir='ltr'><strong><em>κασκάφαι</em></strong></span> <span class='ocrx_word' id='word_1_47' title='bbox 398 939 583 1044; x_wconf 88' lang='grc' dir='ltr'><strong><em>ποταμηγοι</em></strong></span> <span class='ocrx_word' id='word_1_48' title='bbox 572 913 762 1001; x_wconf 82' lang='grc' dir='ltr'><strong><em>γέμουσαι</em></strong></span> <span class='ocrx_word' id='word_1_49' title='bbox 785 909 941 1001; x_wconf 82' lang='grc' dir='ltr'><strong><em>πολλῆς’</em></strong></span> <span class='ocrx_word' id='word_1_50' title='bbox 922 915 1045 1000; x_wconf 86' lang='grc' dir='ltr'><strong><em>αγορᾶς</em></strong></span> <span class='ocrx_word' id='word_1_51' title='bbox 1061 908 1136 998; x_wconf 75' lang='grc' dir='ltr'><strong><em>ἐλή-</em></strong></span> 
     </span>
     <span class='ocr_line' id='line_1_9' title="bbox 175 1009 1139 1104; baseline 0 -22"><span class='ocrx_word' id='word_1_52' title='bbox 175 1016 362 1102; x_wconf 76' lang='grc' dir='ltr'><strong><em>φδησαν,ἐ</em></strong></span> <span class='ocrx_word' id='word_1_53' title='bbox 362 1042 384 1082; x_wconf 91' lang='grc' dir='ltr'><strong><em>ν</em></strong></span> <span class='ocrx_word' id='word_1_54' title='bbox 396 1011 450 1096; x_wconf 83' lang='grc' dir='ltr'><strong><em>αἷς</em></strong></span> <span class='ocrx_word' id='word_1_55' title='bbox 462 1011 480 1082; x_wconf 91' lang='lat'>6</span> <span class='ocrx_word' id='word_1_56' title='bbox 494 1019 563 1084; x_wconf 77' lang='grc' dir='ltr'><strong><em>τῶν</em></strong></span> <span class='ocrx_word' id='word_1_57' title='bbox 576 1013 794 1104; x_wconf 68' lang='grc' dir='ltr'><strong><em>αἰχμαλώτων</em></strong></span> <span class='ocrx_word' id='word_1_58' title='bbox 808 1011 906 1102; x_wconf 85' lang='grc' dir='ltr'><strong><em>όχλος</em></strong></span> <span class='ocrx_word' id='word_1_59' title='bbox 920 1021 967 1094; x_wconf 88' lang='grc' dir='ltr'><strong><em>είς</em></strong></span> <span class='ocrx_word' id='word_1_60' title='bbox 980 1013 1042 1103; x_wconf 78' lang='grc' dir='ltr'><strong><em>τὴν</em></strong></span> <span class='ocrx_word' id='word_1_61' title='bbox 1052 1009 1139 1082; x_wconf 77' lang='lat' dir='ltr'>‘Pro&#39;-</span> 
     </span>
     <span class='ocr_line' id='line_1_10' title="bbox 175 1109 1140 1207; baseline 0 -23"><span class='ocrx_word' id='word_1_62' title='bbox 175 1145 243 1206; x_wconf 89' lang='grc' dir='ltr'><strong><em>μην</em></strong></span> <span class='ocrx_word' id='word_1_63' title='bbox 265 1115 425 1206; x_wconf 78' lang='grc' dir='ltr'><strong><em>κατήγετο</em></strong></span> <span class='ocrx_word' id='word_1_64' title='bbox 445 1115 502 1187; x_wconf 87' lang='grc' dir='ltr'><strong><em>διά</em></strong></span> <span class='ocrx_word' id='word_1_65' title='bbox 523 1122 584 1185; x_wconf 86' lang='grc' dir='ltr'><strong><em>τοῦ</em></strong></span> <span class='ocrx_word' id='word_1_66' title='bbox 605 1122 765 1207; x_wconf 80' lang='grc' dir='ltr'><strong><em>ποταμοῦ,</em></strong></span> <span class='ocrx_word' id='word_1_67' title='bbox 805 1109 902 1197; x_wconf 83' lang='grc' dir='ltr'><strong><em>οὗτος</em></strong></span> <span class='ocrx_word' id='word_1_68' title='bbox 921 1115 1010 1206; x_wconf 81' lang='grc' dir='ltr'><strong><em>ἤχθη</em></strong></span> <span class='ocrx_word' id='word_1_69' title='bbox 1028 1122 1140 1204; x_wconf 80' lang='grc' dir='ltr'><strong><em>τρίτος</em></strong></span> 
     </span>
     <span class='ocr_line' id='line_1_11' title="bbox 125 1214 1139 1312; baseline 0.004 -28"><span class='ocrx_word' id='word_1_70' title='bbox 125 1234 159 1284; x_wconf 83' lang='lat'><strong><em>10</em></strong></span> <span class='ocrx_word' id='word_1_71' title='bbox 175 1215 241 1290; x_wconf 88' lang='grc' dir='ltr'><strong><em>ύπδ</em></strong></span> <span class='ocrx_word' id='word_1_72' title='bbox 258 1214 435 1307; x_wconf 75' lang='grc' dir='ltr'><strong><em>Ῥωμύλον</em></strong></span> <span class='ocrx_word' id='word_1_73' title='bbox 455 1225 624 1308; x_wconf 79' lang='grc' dir='ltr'><strong><em>θρίαμβος</em></strong></span> <span class='ocrx_word' id='word_1_74' title='bbox 650 1223 767 1312; x_wconf 76' lang='grc' dir='ltr'><strong><em>μακρῷ</em></strong></span> <span class='ocrx_word' id='word_1_75' title='bbox 791 1226 860 1300; x_wconf 79' lang='grc' dir='ltr'><strong><em>τῶν</em></strong></span> <span class='ocrx_word' id='word_1_76' title='bbox 883 1221 1056 1308; x_wconf 88' lang='grc' dir='ltr'><strong><em>προτέρων</em></strong></span> <span class='ocrx_word' id='word_1_77' title='bbox 1083 1221 1139 1288; x_wconf 87' lang='grc' dir='ltr'><strong><em>ἐκ·</em></strong></span> 
     </span>
     <span class='ocr_line' id='line_1_12' title="bbox 176 1314 1141 1410; baseline -0.002 -18"><span class='ocrx_word' id='word_1_78' title='bbox 176 1324 406 1410; x_wconf 81' lang='grc' dir='ltr'><strong><em>πρεπέστερος.</em></strong></span> <span class='ocrx_word' id='word_1_79' title='bbox 421 1325 478 1402; x_wconf 80' lang='grc' dir='ltr'><strong><em>καί</em></strong></span> <span class='ocrx_word' id='word_1_80' title='bbox 492 1320 562 1410; x_wconf 87' lang='grc' dir='ltr'><strong><em>μετ’</em></strong></span> <span class='ocrx_word' id='word_1_81' title='bbox 572 1319 614 1390; x_wconf 86' lang='grc' dir='ltr'><strong><em>ού</em></strong></span> <span class='ocrx_word' id='word_1_82' title='bbox 628 1321 715 1393; x_wconf 85' lang='grc' dir='ltr'><strong><em>πολύ</em></strong></span> <span class='ocrx_word' id='word_1_83' title='bbox 727 1319 944 1392; x_wconf 74' lang='grc' dir='ltr'><strong><em>Οὐιεντανῶν</em></strong></span> <span class='ocrx_word' id='word_1_84' title='bbox 959 1314 1141 1410; x_wconf 86' lang='grc' dir='ltr'><strong><em>πρεσβείας</em></strong></span> 
     </span>
     <span class='ocr_line' id='line_1_13' title="bbox 175 1422 1139 1515; baseline -0.003 -20"><span class='ocrx_word' id='word_1_85' title='bbox 175 1422 380 1512; x_wconf 77' lang='grc' dir='ltr'><strong><em>ἀφικομένης</em></strong></span> <span class='ocrx_word' id='word_1_86' title='bbox 393 1428 469 1514; x_wconf 78' lang='grc' dir='ltr'><strong><em>περὶ</em></strong></span> <span class='ocrx_word' id='word_1_87' title='bbox 484 1425 668 1506; x_wconf 88' lang='grc' dir='ltr'><strong><em>διαλύσεως</em></strong></span> <span class='ocrx_word' id='word_1_88' title='bbox 681 1431 741 1494; x_wconf 85' lang='grc' dir='ltr'><strong><em>τού</em></strong></span> <span class='ocrx_word' id='word_1_89' title='bbox 755 1428 902 1515; x_wconf 79' lang='grc' dir='ltr'><strong><em>πολέμου</em></strong></span> <span class='ocrx_word' id='word_1_90' title='bbox 915 1426 970 1494; x_wconf 82' lang='grc' dir='ltr'><strong><em>καὶ</em></strong></span> <span class='ocrx_word' id='word_1_91' title='bbox 984 1422 1139 1512; x_wconf 76' lang='grc' dir='ltr'><strong><em>συγγνώ-</em></strong></span> 
     </span>
     <span class='ocr_line' id='line_1_14' title="bbox 175 1523 1140 1618; baseline -0.001 -22"><span class='ocrx_word' id='word_1_92' title='bbox 175 1533 244 1616; x_wconf 88' lang='grc' dir='ltr'><strong><em>μην</em></strong></span> <span class='ocrx_word' id='word_1_93' title='bbox 275 1531 344 1596; x_wconf 76' lang='grc' dir='ltr'><strong><em>των</em></strong></span> <span class='ocrx_word' id='word_1_94' title='bbox 377 1525 622 1618; x_wconf 79' lang='grc' dir='ltr'><strong><em>ἁμαρτημάτων</em></strong></span> <span class='ocrx_word' id='word_1_95' title='bbox 654 1526 808 1616; x_wconf 80' lang='grc' dir='ltr'><strong><em>ἀξιούσης</em></strong></span> <span class='ocrx_word' id='word_1_96' title='bbox 840 1535 957 1616; x_wconf 78' lang='grc' dir='ltr'><strong><em>λαβεῖν</em></strong></span> <span class='ocrx_word' id='word_1_97' title='bbox 990 1532 1088 1607; x_wconf 90' lang='grc' dir='ltr'><strong><em>δίκας</em></strong></span> <span class='ocrx_word' id='word_1_98' title='bbox 1122 1523 1140 1595; x_wconf 89' lang='grc' dir='ltr'>ὁ</span> 
     </span>
     <span class='ocr_line' id='line_1_15' title="bbox 171 1628 1140 1720; baseline 0 -22"><span class='ocrx_word' id='word_1_99' title='bbox 171 1628 344 1718; x_wconf 83' lang='grc' dir='ltr'><strong><em>Ῥωμύλος</em></strong></span> <span class='ocrx_word' id='word_1_100' title='bbox 357 1629 470 1711; x_wconf 82' lang='grc' dir='ltr'><strong><em>αὐτοῖς</em></strong></span> <span class='ocrx_word' id='word_1_101' title='bbox 482 1635 653 1720; x_wconf 78' lang='grc' dir='ltr'><strong><em>ἐπιτίθησι</em></strong></span> <span class='ocrx_word' id='word_1_102' title='bbox 666 1630 746 1710; x_wconf 86' lang='grc' dir='ltr'><strong><em>τύςδ</em></strong></span> <span class='ocrx_word' id='word_1_103' title='bbox 749 1653 777 1699; x_wconf 89' lang='grc' dir='ltr'><strong><em>ε·</em></strong></span> <span class='ocrx_word' id='word_1_104' title='bbox 791 1630 904 1720; x_wconf 76' lang='grc' dir='ltr'><strong><em>χώραν</em></strong></span> <span class='ocrx_word' id='word_1_105' title='bbox 917 1657 953 1699; x_wconf 88' lang='grc' dir='ltr'><strong><em>τε</em></strong></span> <span class='ocrx_word' id='word_1_106' title='bbox 967 1634 1140 1717; x_wconf 83' lang='grc' dir='ltr'><strong><em>παραδού-</em></strong></span> 
     </span>
     <span class='ocr_line' id='line_1_16' title="bbox 126 1729 1139 1829; baseline 0.001 -29"><span class='ocrx_word' id='word_1_107' title='bbox 126 1751 158 1802; x_wconf 84' lang='grc'><strong><em>15</em></strong></span> <span class='ocrx_word' id='word_1_108' title='bbox 176 1729 423 1821; x_wconf 76' lang='grc' dir='ltr'><strong><em>ναιῬωμαίοις</em></strong></span> <span class='ocrx_word' id='word_1_109' title='bbox 443 1731 504 1822; x_wconf 79' lang='grc' dir='ltr'><strong><em>τὴν</em></strong></span> <span class='ocrx_word' id='word_1_110' title='bbox 518 1739 663 1823; x_wconf 81' lang='grc' dir='ltr'><strong><em>προσεχῆ</em></strong></span> <span class='ocrx_word' id='word_1_111' title='bbox 677 1739 725 1829; x_wconf 78' lang='grc' dir='ltr'><strong><em>τῷ</em></strong></span> <span class='ocrx_word' id='word_1_112' title='bbox 743 1737 896 1823; x_wconf 84' lang='grc' dir='ltr'><strong><em>Τεβέρει,</em></strong></span> <span class='ocrx_word' id='word_1_113' title='bbox 917 1730 996 1812; x_wconf 85' lang='grc' dir='ltr'><strong><em>τούς</em></strong></span> <span class='ocrx_word' id='word_1_114' title='bbox 1014 1741 1139 1802; x_wconf 84' lang='grc' dir='ltr'><strong><em>καλού-</em></strong></span> 
     </span>
     <span class='ocr_line' id='line_1_17' title="bbox 174 1831 1141 1925; baseline -0.003 -19"><span class='ocrx_word' id='word_1_115' title='bbox 174 1838 298 1925; x_wconf 81' lang='grc' dir='ltr'><strong><em>μένους</em></strong></span> <span class='ocrx_word' id='word_1_116' title='bbox 313 1831 415 1904; x_wconf 69' lang='grc' dir='ltr'><strong><em>Ἐπτά</em></strong></span> <span class='ocrx_word' id='word_1_117' title='bbox 435 1835 580 1925; x_wconf 87' lang='grc' dir='ltr'><strong><em>πάγους,</em></strong></span> <span class='ocrx_word' id='word_1_118' title='bbox 600 1839 657 1906; x_wconf 78' lang='grc' dir='ltr'><strong><em>καὶ</em></strong></span> <span class='ocrx_word' id='word_1_119' title='bbox 677 1842 746 1906; x_wconf 77' lang='grc' dir='ltr'><strong><em>τῶν</em></strong></span> <span class='ocrx_word' id='word_1_120' title='bbox 765 1833 858 1907; x_wconf 74' lang='grc' dir='ltr'><strong><em>ἀλεῖν</em></strong></span> <span class='ocrx_word' id='word_1_121' title='bbox 872 1834 1057 1924; x_wconf 76' lang='grc' dir='ltr'><strong><em>ἀποστῆναι</em></strong></span> <span class='ocrx_word' id='word_1_122' title='bbox 1073 1841 1141 1904; x_wconf 71' lang='grc' dir='ltr'><strong><em>τοῖν</em></strong></span> 
     </span>
     <span class='ocr_line' id='line_1_18' title="bbox 176 1936 1140 2030; baseline -0.001 -23"><span class='ocrx_word' id='word_1_123' title='bbox 176 1936 267 2027; x_wconf 80' lang='grc' dir='ltr'><strong><em>παρὰ</em></strong></span> <span class='ocrx_word' id='word_1_124' title='bbox 286 1952 358 2018; x_wconf 74' lang='grc' dir='ltr'><strong><em>ταῖς</em></strong></span> <span class='ocrx_word' id='word_1_125' title='bbox 376 1941 529 2027; x_wconf 74' lang='grc' dir='ltr'><strong><em>ἐκβολαῖς</em></strong></span> <span class='ocrx_word' id='word_1_126' title='bbox 549 1946 611 2010; x_wconf 83' lang='grc' dir='ltr'><strong><em>τοῦ</em></strong></span> <span class='ocrx_word' id='word_1_127' title='bbox 629 1946 797 2030; x_wconf 82' lang='grc' dir='ltr'><strong><em>ποταμοῦ,</em></strong></span> <span class='ocrx_word' id='word_1_128' title='bbox 821 1944 882 2009; x_wconf 87' lang='grc' dir='ltr'><strong><em>τού</em></strong></span> <span class='ocrx_word' id='word_1_129' title='bbox 903 1941 939 2009; x_wconf 74' lang='grc' dir='ltr'><strong><em>δὲ</em></strong></span> <span class='ocrx_word' id='word_1_130' title='bbox 960 1938 1069 2029; x_wconf 70' lang='grc' dir='ltr'><strong><em>μηδὲν</em></strong></span> <span class='ocrx_word' id='word_1_131' title='bbox 1091 1944 1140 2007; x_wconf 85' lang='grc' dir='ltr'><strong><em>ἐτι</em></strong></span> 
     </span>
     <span class='ocr_line' id='line_1_19' title="bbox 151 2040 1183 2166; baseline -0.002 -54.952"><span class='ocrx_word' id='word_1_132' title='bbox 151 2050 371 2130; x_wconf 85' lang='grc' dir='ltr'><strong><em>νεωτερίσαι</em></strong></span> <span class='ocrx_word' id='word_1_133' title='bbox 393 2041 430 2111; x_wconf 85' lang='grc' dir='ltr'><strong><em>τό</em></strong></span> <span class='ocrx_word' id='word_1_134' title='bbox 452 2041 570 2111; x_wconf 85' lang='grc' dir='ltr'><strong><em>πιστὸν</em></strong></span> <span class='ocrx_word' id='word_1_135' title='bbox 592 2048 777 2131; x_wconf 79' lang='grc' dir='ltr'><strong><em>παρασχεῖν</em></strong></span> <span class='ocrx_word' id='word_1_136' title='bbox 797 2040 905 2132; x_wconf 82' lang='grc' dir='ltr'><strong><em>ὅμηρα</em></strong></span> <span class='ocrx_word' id='word_1_137' title='bbox 929 2041 1140 2166; x_wconf 68' lang='grc' dir='ltr'><strong><em>πεντηκοντα</em></strong></span> <span class='ocrx_word' id='word_1_138' title='bbox 1182 2044 1183 2093; x_wconf 59' lang='lat'>1</span> 
     </span>
     <span class='ocr_line' id='line_1_20' title="bbox 163 2141 1183 2269; baseline -0.003 -53.961"><span class='ocrx_word' id='word_1_139' title='bbox 163 2143 371 2236; x_wconf 88' lang='grc' dir='ltr'><strong><em>ἀγαγόντας.</em></strong></span> <span class='ocrx_word' id='word_1_140' title='bbox 412 2141 671 2269; x_wconf 82' lang='grc' dir='ltr'><strong><em>ύπομεινάγτων</em></strong></span> <span class='ocrx_word' id='word_1_141' title='bbox 697 2146 733 2217; x_wconf 76' lang='grc' dir='ltr'><strong><em>δδ</em></strong></span> <span class='ocrx_word' id='word_1_142' title='bbox 758 2142 1020 2215; x_wconf 89' lang='grc' dir='ltr'><strong><em>Ούιεντανων</em></strong></span> <span class='ocrx_word' id='word_1_143' title='bbox 1005 2144 1140 2214; x_wconf 73' lang='grc' dir='ltr'><strong><em>ἅπαντα</em></strong></span> <span class='ocrx_word' id='word_1_144' title='bbox 1182 2180 1183 2219; x_wconf 63' lang='grc' dir='ltr'><strong><em>ι</em></strong></span> 
     </span>
     <span class='ocr_line' id='line_1_21' title="bbox 125 2236 1183 2337; baseline -0.004 -19"><span class='ocrx_word' id='word_1_145' title='bbox 125 2268 159 2320; x_wconf 82' lang='lat'><strong><em>20</em></strong></span> <span class='ocrx_word' id='word_1_146' title='bbox 176 2253 281 2318; x_wconf 86' lang='grc' dir='ltr'><strong><em>ταύτα</em></strong></span> <span class='ocrx_word' id='word_1_147' title='bbox 301 2246 450 2327; x_wconf 79' lang='grc' dir='ltr'><strong><em>σπονδὰς</em></strong></span> <span class='ocrx_word' id='word_1_148' title='bbox 470 2247 692 2337; x_wconf 80' lang='grc' dir='ltr'><strong><em>ποιησόμενος</em></strong></span> <span class='ocrx_word' id='word_1_149' title='bbox 712 2247 794 2337; x_wconf 86' lang='grc' dir='ltr'><strong><em>πρὸς</em></strong></span> <span class='ocrx_word' id='word_1_150' title='bbox 815 2245 937 2328; x_wconf 86' lang='grc' dir='ltr'><strong><em>αύτούς</em></strong></span> <span class='ocrx_word' id='word_1_151' title='bbox 958 2276 972 2317; x_wconf 93' lang='grc' dir='ltr'><strong><em>ε</em></strong></span> <span class='ocrx_word' id='word_1_152' title='bbox 975 2254 1141 2327; x_wconf 90' lang='grc' dir='ltr'><strong><em>ςεκατον</em></strong></span> <span class='ocrx_word' id='word_1_153' title='bbox 1182 2236 1183 2321; x_wconf 66' lang='lat'>6</span> 
     </span>
     <span class='ocr_line' id='line_1_22' title="bbox 177 2346 1183 2440; baseline -0.005 -17"><span class='ocrx_word' id='word_1_154' title='bbox 177 2360 234 2440; x_wconf 90' lang='grc' dir='ltr'><strong><em>ἐτη</em></strong></span> <span class='ocrx_word' id='word_1_155' title='bbox 247 2351 382 2439; x_wconf 85' lang='grc' dir='ltr'><strong><em>στηλαις</em></strong></span> <span class='ocrx_word' id='word_1_156' title='bbox 396 2349 622 2439; x_wconf 83' lang='grc' dir='ltr'><strong><em>ἐνεχαραξε</em></strong></span> <span class='ocrx_word' id='word_1_157' title='bbox 586 2379 645 2431; x_wconf 88' lang='grc' dir='ltr'><strong><em>τας</em></strong></span> <span class='ocrx_word' id='word_1_158' title='bbox 662 2346 851 2439; x_wconf 86' lang='grc' dir='ltr'><strong><em>ὁμολογίας.</em></strong></span> <span class='ocrx_word' id='word_1_159' title='bbox 881 2350 1003 2421; x_wconf 91' lang='grc' dir='ltr'><strong><em>τωνδ</em></strong></span> <span class='ocrx_word' id='word_1_160' title='bbox 1017 2356 1138 2437; x_wconf 90' lang='grc' dir='ltr'><strong><em>αίχμα-</em></strong></span> <span class='ocrx_word' id='word_1_161' title='bbox 1182 2386 1183 2433; x_wconf 65' lang='lat' dir='ltr'>l</span> 
     </span>
     <span class='ocr_line' id='line_1_23' title="bbox 176 2450 1183 2585; baseline -0.004 -61"><span class='ocrx_word' id='word_1_162' title='bbox 176 2454 294 2524; x_wconf 81' lang='grc' dir='ltr'><strong><em>λύτων</em></strong></span> <span class='ocrx_word' id='word_1_163' title='bbox 316 2452 395 2534; x_wconf 86' lang='grc' dir='ltr'><strong><em>τούς</em></strong></span> <span class='ocrx_word' id='word_1_164' title='bbox 413 2452 516 2541; x_wconf 69' lang='grc' dir='ltr'><strong><em>μέν’</em></strong></span> <span class='ocrx_word' id='word_1_165' title='bbox 496 2457 630 2525; x_wconf 82' lang='grc' dir='ltr'><strong><em>απιέναι</em></strong></span> <span class='ocrx_word' id='word_1_166' title='bbox 653 2450 918 2543; x_wconf 79' lang='grc' dir='ltr'><strong><em>βουλομένοος’</em></strong></span> <span class='ocrx_word' id='word_1_167' title='bbox 898 2460 1029 2585; x_wconf 85' lang='grc' dir='ltr'><strong><em>αφῆκεν</em></strong></span> <span class='ocrx_word' id='word_1_168' title='bbox 1053 2451 1141 2521; x_wconf 81' lang='grc' dir='ltr'><strong><em>ἄνευ</em></strong></span> <span class='ocrx_word' id='word_1_169' title='bbox 1182 2466 1183 2545; x_wconf 63' lang='grc' dir='ltr'><strong><em>χ</em></strong></span> 
     </span>
     <span class='ocr_line' id='line_1_24' title="bbox 176 2554 1183 2647; baseline -0.004 -20"><span class='ocrx_word' id='word_1_170' title='bbox 176 2555 329 2645; x_wconf 86' lang='grc' dir='ltr'><strong><em>λύτρων,</em></strong></span> <span class='ocrx_word' id='word_1_171' title='bbox 344 2554 469 2637; x_wconf 82' lang='grc' dir='ltr'><strong><em>τοδςδ’</em></strong></span> <span class='ocrx_word' id='word_1_172' title='bbox 479 2555 585 2627; x_wconf 86' lang='grc' dir='ltr'><strong><em>αύτού</em></strong></span> <span class='ocrx_word' id='word_1_173' title='bbox 598 2554 1183 2647; x_wconf 80' lang='grc' dir='ltr'><strong><em>μένεινπροαιρουμένοοςπολλφ</em></strong></span> <span class='ocrx_word' id='word_1_174' title='bbox 1182 2600 1183 2637; x_wconf 67' lang='grc'><strong><em>,</em></strong></span> 
     </span>
     <span class='ocr_line' id='line_1_25' title="bbox 177 2650 1183 2747; baseline -0.002 -18"><span class='ocrx_word' id='word_1_175' title='bbox 177 2656 346 2739; x_wconf 80' lang='grc' dir='ltr'><strong><em>πλείονς”</em></strong></span> <span class='ocrx_word' id='word_1_176' title='bbox 327 2687 426 2739; x_wconf 89' lang='grc' dir='ltr'><strong><em>οντας</em></strong></span> <span class='ocrx_word' id='word_1_177' title='bbox 442 2688 511 2729; x_wconf 90' lang='grc' dir='ltr'><strong><em>των</em></strong></span> <span class='ocrx_word' id='word_1_178' title='bbox 533 2662 655 2747; x_wconf 82' lang='grc' dir='ltr'><strong><em>ετέρων</em></strong></span> <span class='ocrx_word' id='word_1_179' title='bbox 673 2667 810 2739; x_wconf 85' lang='grc' dir='ltr'><strong><em>πολίτας</em></strong></span> <span class='ocrx_word' id='word_1_180' title='bbox 825 2659 1046 2747; x_wconf 87' lang='grc' dir='ltr'><strong><em>ποιησάμενος</em></strong></span> <span class='ocrx_word' id='word_1_181' title='bbox 1066 2676 1139 2737; x_wconf 80' lang='grc' dir='ltr'><strong><em>ταῖς</em></strong></span> <span class='ocrx_word' id='word_1_182' title='bbox 1157 2650 1183 2739; x_wconf 63' lang='grc' dir='ltr'><strong><em>λδ</em></strong></span> 
     </span>
     <span class='ocr_line' id='line_1_26' title="bbox 125 2759 1183 2887; baseline -0.002 -56"><span class='ocrx_word' id='word_1_183' title='bbox 125 2780 158 2831; x_wconf 80' lang='lat'><strong><em>25</em></strong></span> <span class='ocrx_word' id='word_1_184' title='bbox 176 2760 341 2887; x_wconf 81' lang='grc' dir='ltr'><strong><em>φράτραις</em></strong></span> <span class='ocrx_word' id='word_1_185' title='bbox 360 2766 520 2833; x_wconf 82' lang='grc' dir='ltr'><strong><em>ἐπιδιεῖλε</em></strong></span> <span class='ocrx_word' id='word_1_186' title='bbox 548 2765 605 2833; x_wconf 78' lang='grc' dir='ltr'><strong><em>καὶ</em></strong></span> <span class='ocrx_word' id='word_1_187' title='bbox 631 2763 774 2852; x_wconf 82' lang='grc' dir='ltr'><strong><em>κλήρους</em></strong></span> <span class='ocrx_word' id='word_1_188' title='bbox 801 2759 914 2842; x_wconf 81' lang='grc' dir='ltr'><strong><em>αὐτοῖς</em></strong></span> <span class='ocrx_word' id='word_1_189' title='bbox 941 2764 1139 2853; x_wconf 87' lang='grc' dir='ltr'><strong><em>προσευειμε</em></strong></span> <span class='ocrx_word' id='word_1_190' title='bbox 1182 2770 1183 2805; x_wconf 63' lang='lat'><strong>³</strong></span> 
     </span>
     <span class='ocr_line' id='line_1_27' title="bbox 175 2846 1183 2957; baseline -0.005 -23"><span class='ocrx_word' id='word_1_191' title='bbox 175 2862 254 2943; x_wconf 84' lang='grc' dir='ltr'><strong><em>τούς</em></strong></span> <span class='ocrx_word' id='word_1_192' title='bbox 270 2865 326 2932; x_wconf 85' lang='grc' dir='ltr'><strong><em>ἐπὶ</em></strong></span> <span class='ocrx_word' id='word_1_193' title='bbox 340 2864 420 2934; x_wconf 80' lang='grc' dir='ltr'><strong><em>τάδε</em></strong></span> <span class='ocrx_word' id='word_1_194' title='bbox 433 2872 494 2936; x_wconf 83' lang='grc' dir='ltr'><strong><em>τοῦ</em></strong></span> <span class='ocrx_word' id='word_1_195' title='bbox 513 2846 677 2957; x_wconf 81' lang='grc' dir='ltr'><strong><em>Τεβέριος.</em></strong></span> <span class='ocrx_word' id='word_1_196' title='bbox 1182 2924 1183 2929; x_wconf 73' lang='grc'><strong><em>,</em></strong></span> 
     </span>
     <span class='ocr_line' id='line_1_28' title="bbox 251 2958 1183 3059; baseline -0.01 -19"><span class='ocrx_word' id='word_1_197' title='bbox 251 2966 337 3040; x_wconf 84' lang='lat' dir='ltr'>LVI.</span> <span class='ocrx_word' id='word_1_198' title='bbox 361 2958 464 3036; x_wconf 82' lang='grc' dir='ltr'><strong><em>Οὗτοι</em></strong></span> <span class='ocrx_word' id='word_1_199' title='bbox 483 2972 690 3058; x_wconf 87' lang='grc' dir='ltr'><strong><em>συνέστησαν</em></strong></span> <span class='ocrx_word' id='word_1_200' title='bbox 710 2998 727 3039; x_wconf 95' lang='grc' dir='ltr'><strong><em>ο</em></strong></span> <span class='ocrx_word' id='word_1_201' title='bbox 731 2966 893 3056; x_wconf 82' lang='grc' dir='ltr'><strong><em>ίπόλεμοι</em></strong></span> <span class='ocrx_word' id='word_1_202' title='bbox 904 2964 1066 3059; x_wconf 77' lang='grc' dir='ltr'><strong><em>Ῥωμύλω</em></strong></span> <span class='ocrx_word' id='word_1_203' title='bbox 1081 2964 1138 3035; x_wconf 88' lang='grc' dir='ltr'><strong><em>λό</em></strong></span> <span class='ocrx_word' id='word_1_204' title='bbox 1182 3004 1183 3031; x_wconf 74' lang='grc'><strong>;</strong></span> 
     </span>
     <span class='ocr_line' id='line_1_29' title="bbox 174 3069 1183 3162; baseline -0.002 -24"><span class='ocrx_word' id='word_1_205' title='bbox 174 3097 238 3158; x_wconf 88' lang='grc' dir='ltr'><strong><em>γου</em></strong></span> <span class='ocrx_word' id='word_1_206' title='bbox 251 3072 309 3139; x_wconf 82' lang='grc' dir='ltr'><strong><em>καὶ</em></strong></span> <span class='ocrx_word' id='word_1_207' title='bbox 328 3098 458 3159; x_wconf 92' lang='grc' dir='ltr'><strong><em>μνημης</em></strong></span> <span class='ocrx_word' id='word_1_208' title='bbox 472 3069 567 3154; x_wconf 82' lang='grc' dir='ltr'><strong><em>ἀξιοι.</em></strong></span> <span class='ocrx_word' id='word_1_209' title='bbox 596 3100 655 3142; x_wconf 88' lang='grc' dir='ltr'><strong><em>του</em></strong></span> <span class='ocrx_word' id='word_1_210' title='bbox 642 3072 708 3143; x_wconf 82' lang='grc' dir='ltr'><strong><em>δδ</em></strong></span> <span class='ocrx_word' id='word_1_211' title='bbox 722 3070 880 3161; x_wconf 76' lang='grc' dir='ltr'><strong><em>μηδέν”</em></strong></span> <span class='ocrx_word' id='word_1_212' title='bbox 844 3099 893 3141; x_wconf 88' lang='grc' dir='ltr'><strong><em>ετι</em></strong></span> <span class='ocrx_word' id='word_1_213' title='bbox 910 3076 979 3140; x_wconf 78' lang='grc' dir='ltr'><strong><em>τῶν</em></strong></span> <span class='ocrx_word' id='word_1_214' title='bbox 979 3078 1140 3162; x_wconf 88' lang='grc' dir='ltr'><strong><em>πλησίον</em></strong></span> <span class='ocrx_word' id='word_1_215' title='bbox 1182 3092 1183 3147; x_wconf 64' lang='grc'><strong><em>,</em></strong></span> 
     </span>
     <span class='ocr_line' id='line_1_30' title="bbox 175 3170 1183 3265; baseline -0.002 -23"><span class='ocrx_word' id='word_1_216' title='bbox 175 3177 289 3242; x_wconf 80' lang='grc' dir='ltr'><strong><em>ἐθνων</em></strong></span> <span class='ocrx_word' id='word_1_217' title='bbox 308 3170 542 3261; x_wconf 77' lang='grc' dir='ltr'><strong><em>ὑπαγαγέσθαι</em></strong></span> <span class='ocrx_word' id='word_1_218' title='bbox 557 3192 670 3262; x_wconf 87' lang='grc' dir='ltr'><strong><em>ταχελα</em></strong></span> <span class='ocrx_word' id='word_1_219' title='bbox 692 3172 865 3265; x_wconf 83' lang='grc' dir='ltr'><strong><em>ητελευτὴ</em></strong></span> <span class='ocrx_word' id='word_1_220' title='bbox 878 3181 938 3245; x_wconf 83' lang='grc' dir='ltr'><strong><em>τοῦ</em></strong></span> <span class='ocrx_word' id='word_1_221' title='bbox 958 3180 1037 3261; x_wconf 86' lang='grc' dir='ltr'><strong><em>βίον</em></strong></span> <span class='ocrx_word' id='word_1_222' title='bbox 1050 3192 1137 3259; x_wconf 89' lang='grc' dir='ltr'><strong><em>συμ-</em></strong></span> <span class='ocrx_word' id='word_1_223' title='bbox 1182 3174 1183 3259; x_wconf 66' lang='grc' dir='ltr'><strong><em>χ</em></strong></span> 
     </span>
     <span class='ocr_line' id='line_1_31' title="bbox 122 3266 1183 3368; baseline 0.006 -25"><span class='ocrx_word' id='word_1_224' title='bbox 122 3292 157 3343; x_wconf 80' lang='lat'><strong><em>30</em></strong></span> <span class='ocrx_word' id='word_1_225' title='bbox 171 3278 260 3362; x_wconf 74' lang='grc' dir='ltr'><strong><em>’βᾶσα</em></strong></span> <span class='ocrx_word' id='word_1_226' title='bbox 269 3283 315 3345; x_wconf 81' lang='grc' dir='ltr'><strong><em>ἔτι</em></strong></span> <span class='ocrx_word' id='word_1_227' title='bbox 324 3274 502 3363; x_wconf 79' lang='grc' dir='ltr'><strong><em>ἀκμάζοντι</em></strong></span> <span class='ocrx_word' id='word_1_228' title='bbox 515 3275 606 3367; x_wconf 79' lang='grc' dir='ltr'><strong><em>αὐτῷ</em></strong></span> <span class='ocrx_word' id='word_1_229' title='bbox 617 3278 655 3347; x_wconf 83' lang='grc' dir='ltr'><strong><em>τὰ</em></strong></span> <span class='ocrx_word' id='word_1_230' title='bbox 665 3282 805 3367; x_wconf 83' lang='grc' dir='ltr'><strong><em>πολέμια</em></strong></span> <span class='ocrx_word' id='word_1_231' title='bbox 822 3277 1031 3368; x_wconf 84' lang='grc' dir='ltr'><strong><em>πράττεινέν</em></strong></span> <span class='ocrx_word' id='word_1_232' title='bbox 1047 3282 1139 3365; x_wconf 81' lang='grc' dir='ltr'><strong><em>αἰτίᾳ</em></strong></span> <span class='ocrx_word' id='word_1_233' title='bbox 1182 3266 1183 3349; x_wconf 52' lang='lat' dir='ltr'><strong>ff</strong></span> 
     </span>
     <span class='ocr_line' id='line_1_32' title="bbox 173 3373 1139 3470; baseline 0.003 -27"><span class='ocrx_word' id='word_1_234' title='bbox 173 3378 334 3462; x_wconf 78' lang='grc' dir='ltr'><strong><em>γενέσθαι</em></strong></span> <span class='ocrx_word' id='word_1_235' title='bbox 352 3381 460 3461; x_wconf 78' lang='grc' dir='ltr'><strong><em>ἐδοξε·</em></strong></span> <span class='ocrx_word' id='word_1_236' title='bbox 482 3383 559 3469; x_wconf 78' lang='grc' dir='ltr'><strong><em>περὶ</em></strong></span> <span class='ocrx_word' id='word_1_237' title='bbox 576 3373 614 3468; x_wconf 77' lang='grc' dir='ltr'><strong><em>ἧς</em></strong></span> <span class='ocrx_word' id='word_1_238' title='bbox 636 3383 753 3449; x_wconf 86' lang='grc' dir='ltr'><strong><em>πολλοὶ</em></strong></span> <span class='ocrx_word' id='word_1_239' title='bbox 776 3384 1024 3470; x_wconf 72' lang='grc' dir='ltr'><strong><em>παραδέδονται</em></strong></span> <span class='ocrx_word' id='word_1_240' title='bbox 1043 3378 1139 3465; x_wconf 89' lang='grc' dir='ltr'><strong><em>λόγοι</em></strong></span> 
     </span>
    </p>
   </div>
   <div class='ocr_carea' id='block_1_3' title="bbox 173 3474 1139 3573">
    <p class='ocr_par' dir='ltr' id='par_1_3' title="bbox 173 3474 1139 3573">
     <span class='ocr_line' id='line_1_33' title="bbox 173 3474 1139 3573; baseline 0.007 -30"><span class='ocrx_word' id='word_1_241' title='bbox 173 3478 230 3544; x_wconf 74' lang='grc' dir='ltr'><strong><em>καὶ</em></strong></span> <span class='ocrx_word' id='word_1_242' title='bbox 241 3478 408 3569; x_wconf 84' lang='grc' dir='ltr'><strong><em>διάφοροι.</em></strong></span> <span class='ocrx_word' id='word_1_243' title='bbox 429 3486 464 3551; x_wconf 77' lang='grc' dir='ltr'><strong><em>οἱ</em></strong></span> <span class='ocrx_word' id='word_1_244' title='bbox 474 3484 538 3571; x_wconf 72' lang='grc' dir='ltr'><strong><em>μὲν</em></strong></span> <span class='ocrx_word' id='word_1_245' title='bbox 550 3474 615 3552; x_wconf 86' lang='grc' dir='ltr'><strong><em>ούν</em></strong></span> <span class='ocrx_word' id='word_1_246' title='bbox 628 3486 871 3572; x_wconf 70' lang='grc' dir='ltr'><strong><em>μυθωδέστερα</em></strong></span> <span class='ocrx_word' id='word_1_247' title='bbox 884 3482 924 3552; x_wconf 85' lang='grc' dir='ltr'><strong><em>τά</em></strong></span> <span class='ocrx_word' id='word_1_248' title='bbox 938 3484 1015 3573; x_wconf 76' lang='grc' dir='ltr'><strong><em>περὶ</em></strong></span> <span class='ocrx_word' id='word_1_249' title='bbox 1031 3479 1139 3551; x_wconf 80' lang='grc' dir='ltr'><strong><em>αὐτοῦ</em></strong></span> 
     </span>
    </p>
   </div>
   <div class='ocr_carea' id='block_1_4' title="bbox 0 0 1194 3850">
    <p class='ocr_par' dir='ltr' id='par_1_4' title="bbox 0 0 1194 3850">
     <span class='ocr_line' id='line_1_34' title="bbox 0 0 1194 3850; baseline 0 0"><span class='ocrx_word' id='word_1_250' title='bbox 0 0 1194 3850; x_wconf 95' lang='lat' dir='ltr'><strong><em> </em></strong></span> 
     </span>
    </p>
   </div>
  </div>
 </body>
</html>
