2367 3850
167 138 228 207 104
358 96 360 100 ’
526 133 759 199 -λ-

167 303 272 395 μόρον
289 296 434 373 ἀπιόν.
430 326 494 381 ως
511 294 545 370 6
563 305 612 381 είς
630 298 694 393 τὴν
711 304 824 370 οίιιίαν
840 296 1008 389 ἀφίκοντο
1028 322 1135 386 μετα

168 407 287 533 στῇναι
305 400 383 485 τοὺς
401 399 524 485 ἀλλους
540 401 703 485 κελεόσας
714 400 967 529 μονωθέντα
932 430 995 473 τον
1004 395 1137 491 Ρῶμου

169 508 268 621 ἤρετο
281 515 331 589 τίς
352 516 411 595 εῖη
417 509 474 577 καὶ
485 502 655 594 τίνων,’
631 534 677 587 ως
689 503 752 577 οάκ
765 501 809 577 ἀν
822 510 922 577 ἐκ
873 534 943 579 των
959 502 1139 593 τυχόντων

169 640 209 703 γε
222 609 330 701 ἄνδρα
343 616 495 680 τοιοῦτον
508 609 701 699 γενόμενον.
721 608 873 692 είπόντος
886 609 924 681 δέ
936 637 999 679 του
983 605 1139 699 ’Ῥώμου

134 727 153 785 ῖ
170 719 331 787 τοσοῦτον
352 714 478 783 είδέναι
498 710 604 802 μόνον
621 710 706 783 κατὰ
717 712 842 784 ’πόστιν
859 740 921 783 του
908 713 1139 803 τρέφοντος,

170 816 223 890 ότι
243 813 308 887 σόν
328 813 465 911 ἀδελφῷ
488 816 620 911 διδύμω
640 811 792 907 ἐκτεθείη
810 818 936 907 βρέφος
952 823 1002 898 είς
1019 814 1172 946 νοὶττηνῑ1

100 923 101 926 '
172 917 279 1001 εὐθὺς
292 916 357 989 ἀπὸ
382 925 482 1009 γονῆς
508 921 564 989 καί
589 916 673 1009 πρός
697 947 767 990 των
781 923 914 1009 νομέων
937 899 1172 1010 ἀναιρεθεὶς

173 1028 369 1113 ἐκτραφείη,
399 1021 528 1112 βραχὺν
553 1021 700 1110 έπισχάυ
724 1021 847 1112 χρόνον
870 1034 938 1095 είτε
960 1019 1172 1111 ἀποτοπη

172 1133 248 1208 θείς
273 1154 305 1196 τι
325 1152 394 1195 των
413 1124 554 1215 ἀληθῶν
576 1136 642 1197 εῖτε
656 1131 716 1197 τοῦ
737 1123 941 1215 δαίμονος”
918 1152 1062 1213 αγοντος
1093 1132 1142 1205 είς
1172 1153 1173 1204 ι

124 1246 157 1302 10
172 1228 346 1319 τοῦμφαυέ
348 1258 364 1310 ς
381 1227 419 1298 τδ
430 1236 567 1319 πρᾶγμα
579 1231 670 1319 λίγει
686 1228 769 1318 πρός
782 1227 901 1301 αὐτόν·
914 1228 986 1299 Ὅτι
999 1229 1067 1319 μὲν
1081 1215 1173 1298 52'6
1172 1283 1173 1318 ÷

173 1335 246 1423 έμολ
265 1334 422 1421 γέγονας,
450 1324 477 1401 6
497 1331 614 1423 Ῥῶμε,
639 1344 766 1404 παθεῖν
790 1330 861 1405 ότι
880 1329 925 1403 ἀν
949 1332 1174 1418 δικαιώσω,λ1

173 1432 289 1517 καλός
310 1437 389 1523 περὶ
409 1442 535 1507 πολλοῦ
560 1434 750 1525 ποιήσαιντ’
765 1432 809 1508 ἀν
827 1442 864 1508 oc
877 1436 1081 1526 κομίσαντές
1100 1456 1141 1504 σε
1173 1405 1174 1488 6

175 1544 277 1629 δεῦρο
299 1535 407 1609 πολλά
426 1540 483 1609 καὶ
501 1538 598 1610 δεινά
616 1538 771 1609 παθόντα
790 1560 829 1610 σε
849 1539 1056 1623 ἀποθανεῖν,
1079 1536 1140 1609 06-

176 1643 236 1714 δέν
250 1645 304 1714 δεῖ
315 1640 397 1732 πρὸς
411 1641 523 1713 είδότα
537 1644 661 1731 λέγειν.
696 1649 728 1712 εί
746 1646 788 1714 δέ
798 1662 837 1713 σε
849 1642 1001 1715 θανᾶτου
1020 1669 1060 1713 τε
1080 1644 1142 1711 καί
1174 1659 1175 1696 6

124 1764 158 1818 15
174 1744 277 1817 ἀλλον
297 1744 420 1826 ’παντὸς
433 1746 573 1817 έκλυσοιί
558 1754 639 1835 ίμην
652 1750 775 1835 κακοῦ,
795 1738 853 1836 ἀρ’
873 1740 918 1818 ἀν
936 1750 1062 1835 είδείης
1081 1772 1141 1833 μοι

174 1847 273 1955 χάριν
299 1850 356 1919 καλ
381 1846 573 1945 δεομένω
554 1848 804 1940 υπουργήσειας
828 1846 981 1921 δκδινδν
1006 1845 1142 1974 ἀμφοῖν
1176 1911 1177 1950 χ

176 1961 267 2024 ἔσται
279 1949 426 2042 αγαθου
440 1949 710 2043 ἀποκριναμένου
720 1954 758 2024 66
770 1980 830 2025 του
817 1948 1043 2080 ”μειρακίου“
1029 1952 1141 2022 οπόσα
1176 1953 1177 1958 ’

175 2053 253 2136 τούς
280 2053 361 2127 ἐν’
343 2053 532 2144 απογνοόσει
555 2063 635 2146 βίου
657 2054 875 2147 κειμένους
856 2087 878 2146 η
898 2062 959 2127 τοῦ
979 2055 1140 2146 σωθήσε-
1175 2079 1177 2110 ¹

177 2169 259 2229 σθαι
272 2159 366 2239 έλπὶς
378 2175 446 2240 τοῖς
462 2166 592 2248 κυρίοις
609 2159 730 2230 τούτου
749 2160 861 2249 λέγειν
885 2161 942 2230 καί
959 2155 1139 2247 ὑπισχνεῖ-

123 2273 160 2326 ῖῡ
176 2273 259 2332 σθαι
277 2265 423 2351 έπαίρει,
444 2267 544 2333 λῦσαι
558 2261 718 2344 κελεύσας
736 2261 840 2334 αάτὸν
858 2291 877 2334 ο
864 2258 1061 2352 ’Νεμέτωρ
1082 2263 1141 2334 καί

176 2365 302 2446 πάντας
335 2363 498 2436 ἀπελθεῖν
527 2363 683 2436 έκποδεδν
698 2366 825 2456 ,φράζει
849 2364 909 2447 τάς
942 2362 1051 2436 αὑτοῦ
1078 2365 1139 2436 τό·

175 2495 252 2556 χας,
272 2465 317 2549 ἀς
327 2465 476 2557 Ἀμόλιος
497 2465 603 2540 αὐτόν
615 2465 762 2557 ἀδελφός
783 2465 833 2540 ἀν
852 2466 1057 2558 ἀπεστέρησε
1079 2473 1141 2557 τῆς

176 2577 363 2659 βασιλείας,
391 2569 544 2662 ὀρφανόν
570 2571 609 2642 66
634 2573 764 2644 τέκνων
788 2581 909 2663 ἔθηκε,
931 2571 993 2641 τόν
1006 2572 1071 2660 μὲν
1084 2572 1140 2643 έπλ

45 2715 49 2734 ι
177 2672 269 2765 θήρᾳ
284 2675 399 2763 κρύφα
414 2674 716 2766 διαχειρισάμενος,
730 2673 794 2765 τὴν
807 2674 844 2746 δ’
860 2679 898 2747 έν
911 2680 1026 2767 είρκτῇ
1041 2681 1138 2745 δεδε-

127 2789 161 2842 ῖῖ
177 2777 284 2866 μένην
305 2777 484 2863 φυλάττων
509 2777 551 2848 τά
572 2804 610 2848 τε
629 2775 715 2849 ἄλλα
735 2775 844 2850 ὁπόσα
865 2779 1027 2867 δεσπότης
1050 2777 1137 2868 χρεό-

177 2905 276 2968 μενος
294 2878 415 2972 δούλῳ.

248 2981 412 3052 LXXXII.
431 2977 531 3053 Ταῦτ’
541 2979 648 3054 είπωυ
657 2969 714 3053 καλ
726 2979 835 3053 πολυν
846 2978 1009 3073 θρηνον
987 3009 1057 3070 αμα
1068 2961 1140 3064 τοῖς

177 3085 288 3174 λόγοις
312 3085 557 3212 καταχεόμενος
581 3082 677 3175 ἠξίου
695 3083 843 3176 τιμωρὸν
863 3101 932 3167 τοῖς
951 3112 1013 3157 κατ
1016 3081 1140 3156 ὀίκον

178 3192 299 3280 ἑαυτοῦ
313 3203 427 3270 κακοῖς
436 3187 496 3259 τόν
505 3184 631 3279 Ῥάμον
643 3193 814 3277 γενέσθαι.
834 3184 985 3279 ἀσμένως
999 3184 1072 3257 δέ
1052 3213 1136 3258 υπο-

126 3305 160 3360 ῖῖ
178 3293 360 3382 δεξαμένου
374 3290 432 3364 τόν
445 3290 546 3382 λόγου
557 3297 618 3362 τοῦ
630 3289 807 3382 μειρακίου
819 3293 877 3362 καὶ
889 3290 992 3362 πάλαι
1004 3289 1138 3363 τάττειν

176 3390 282 3466 αὐτόν,
299 3397 353 3465 ἐπὶ
372 3394 410 3464 τὸ
428 3404 527 3485 ἔργον
542 3392 713 3478 ἀξιοῦντος
733 3395 910 3482 ἐπαινέσας
930 3390 952 3465 ό
971 3397 1136 3482 Νεμέτωρ

45 3499 48 3506 ’
174 3493 235 3583 τὴν
248 3503 453 3586 προθυμίαν,
470 3505 536 3591 Τῆς
548 3498 612 3588 μὲν
618 3498 772 3587 πράξεως
783 3503 852 3587 ίφη
865 3497 926 3568 τόν
938 3493 1059 3587 καιρόν
1069 3495 1136 3584 έγό
1150 3513 1177 3564 ῖῖ
