2367 3850
406 134 635 196 —B-
942 134 1002 197 137

51 297 159 381 ἐξὲνὸς
172 305 235 370 τοῦ
248 301 329 388 περὶ
342 298 478 380 Κάννας
490 296 680 388 πτόματος,
694 293 750 370 ὅτε
763 293 850 386 αὐτῇ
863 291 928 368 άπὸ
943 295 1005 386 μὲν

51 405 273 489 ἑξακισχιλίων
302 407 434 472 ίππέωκ
464 401 693 492 ἑβδομήκοντα
729 401 786 470 καὶ
821 397 1006 487 τριακόσιοι

50 509 347 593 περιελείφθησαν,
365 502 432 576 άπό
451 506 490 575 δὲ
514 505 691 596 μυριάδων
705 501 792 574 όιιτῦ
811 509 879 574 νῦν
902 507 949 582 είς
968 501 1006 572 τό

50 606 156 678 κοινόν
194 607 387 697 στράτευμα
420 613 701 697 καταγραφεισῶν
739 603 842 700 ὀλίγῳ
870 614 1008 686 πλείους

50 716 236 798 τρισχιλίων
257 710 444 800 ἐσώθησαν.
1023 727 1040 778 δ

113 810 234 882 xvllL
263 812 375 883 Ταῦτά
395 839 434 884 τε
456 810 497 901 δὴ
516 816 578 882 τοῦ
595 808 718 900 ἀνδρὸς
737 807 863 899 ἄγαμαι
885 810 941 881 καὶ
959 814 1008 880 ἐτι

25 912 127 1003 ιπρός
143 914 279 997 τούτοις
298 913 322 984 ά
341 905 452 1003 μίλλω
465 917 595 1002 λέγειν,
619 912 670 984 ὅτι
689 917 752 982 τοῦ
774 918 885 994 καλῶς
905 918 1008 983 olmet-

52 1029 127 1087 σδαι
144 1015 205 1098 τάς
220 1019 337 1099 πόλεις
349 1023 459 1098 αίτίας
477 1013 677 1104 ῦπολαβοδν,
699 1013 738 1096 άς
758 1019 927 1102 θρυλοῦσι
946 1015 1009 1104 μὲν

52 1118 190 1201 ἅπαντες
200 1125 238 1190 οί
249 1124 430 1208 πολιτικοί,
439 1118 723 1204 κατασκευάζουσι
737 1117 772 1187 δ’
781 1115 899 1207 ὀλίγοι,
914 1122 1006 1206 πριό-

53 1251 105 1292 τον
117 1224 180 1312 μδν
197 1223 263 1313 τὴν
285 1222 377 1313 παρά
391 1229 462 1294 τῶν
479 1228 574 1295 θεῶν
597 1217 752 1306 εῦνοιαν,
779 1211 817 1312 ἧς
838 1219 1009 1310 παρούσης
1028 1243 1061 1296 10

55 1323 176 1397 ἅπαντα
207 1342 279 1408 τοῖς
312 1324 508 1416 ἀνδρόπαις
533 1327 588 1397 ἐπὶ
621 1323 662 1395 τά
687 1330 827 1410 κρείττω
860 1326 1009 1413 ιρέρεται,

56 1436 160 1498 ἔπειτα
171 1430 402 1519 σωφροσύνην
414 1456 450 1501 τε
468 1432 526 1500 καὶ
541 1428 779 1517 δικαιοσύνην,
794 1425 838 1497 δι’
856 1423 894 1507 ῦς
909 1418 1011 1514 ἦττον

56 1528 211 1621 ἀλλήλους
231 1533 436 1621 βλάπτοντες
455 1537 583 1623 μᾶλλον
600 1528 779 1621 ὁμονοοῦσι
800 1527 932 1618 καλιὴν
952 1525 1009 1598 εῦ-

57 1640 229 1724 δαιμονίαν
241 1634 284 1707 ού
295 1652 368 1717 ταῖς
382 1643 566 1726 αἰσχίσταις
578 1639 759 1725 μετροῦσιν
771 1628 908 1723 ἡδοναῖς
927 1628 1011 1701 ἀλλὰ

58 1744 97 1830 τῷ
115 1744 224 1833 καλῷ,
249 1746 448 1810 τελευταίαν
464 1741 502 1810 δέ
518 1738 580 1830 τὴν
601 1741 639 1808 ἐν
657 1749 726 1818 τοῖς
751 1737 906 1823 πολέμοις
932 1759 1008 1820 γεν-
1029 1759 1061 1810 ιε

58 1839 206 1931 ναιότητα
224 1839 288 1932 τὴν
306 1843 626 1930 παρασκευάζουσαν
647 1840 736 1911 εἶναι
756 1839 813 1909 καὶ
832 1836 892 1918 τὰς
908 1834 1011 1917 άλλως

59 1940 166 2030 άρετάς
179 1961 251 2027 τοῖς
264 1952 401 2034 ἔχουσιν
416 1943 624 2034 ὠφελίμους,
642 1944 704 2015 οῦκ
721 1940 787 2013 άπὸ
800 1938 1012 2031 ταύτομάτου

59 2054 299 2136 παραγίνεσθαι
310 2048 441 2119 τούτων
450 2052 592 2119 ἕκαστον
604 2054 674 2118 τόν
687 2045 830 2135 άμαθῦν
844 2044 1009 2133 ἐνόμισεν,

60 2146 124 2219 ἄλλ’
146 2157 237 2239 ἔγνω
264 2151 349 2221 διότι
377 2151 474 2240 νόμοι
494 2156 674 2221 σπουδαῖοι
694 2150 750 2219 καὶ
776 2152 890 2217 καλοῦν
918 2150 1013 2233 ζῆλος

61 2254 326 2343 ἐπιτηδευμάτων
353 2250 475 2343 εῦσεβῆ
494 2254 552 2324 καί
571 2253 732 2342 σαόφρονα
753 2252 810 2321 καλ
837 2247 878 2318 τὰ
898 2253 1012 2318 δίκαια
1030 2274 1064 2325 ρο

62 2352 226 2427 άσιιοῦσαν
244 2358 301 2426 καί
322 2356 364 2428 τά
377 2360 521 2448 πολέμια
539 2354 676 2446 άγιιδην
699 2350 928 2440 ἐξεργάζονται
951 2349 1012 2420 πό·

63 2466 125 2526 λιν·
147 2452 198 2530 ὧν
225 2459 352 2550 πολλὴν
370 2469 444 2549 ἐσχε
470 2459 634 2550 πρόνοιαν
657 2456 720 2546 τὴν
739 2453 847 2545 ἀρχὴν
872 2452 1013 2542 ποιησά·

64 2588 152 2647 μενος
165 2560 233 2633 άπὸ
250 2568 321 2633 νῦν
335 2567 413 2651 περὶ
430 2562 472 2632 τά
483 2575 564 2634 δεϊα
576 2564 634 2631 καὶ
649 2559 806 2648 δαιμόνια
824 2561 1014 2647 σεβασμῶν.

64 2661 128 2751 ἱερὰ
138 2665 203 2754 μὲν
215 2655 279 2735 οῦν
291 2666 348 2735 καί
357 2668 479 2756 τεμένη
493 2668 549 2735 παὶ
563 2663 698 2755 βωμούς
710 2664 767 2733 καὶ
780 2660 909 2745 ξοάνων
918 2658 1014 2748 ίδρύ·

24 2776 126 2865 Πόντος
156 2766 288 2857 μορφάς
303 2794 340 2838 τε
366 2766 480 2840 αῦτῦν
511 2772 568 2840 καὶ
595 2768 747 2857 σύμβολα
774 2766 830 2836 καί
857 2763 1016 2852 δυνάμεις
1033 2776 1067 2831 νδ

64 2871 114 2938 ιιιιλ
129 2869 273 2960 δωρεάς,
293 2868 347 2952 αἷς
365 2869 404 2941 τό
415 2874 513 2959 γένος
525 2868 622 2961 ἡμῶν
637 2868 880 2959 εῦηργίτησαν,
902 2864 1017 2955 ἑορτάς

66 2998 97 3040 τε
119 2968 235 3056 ὁποίας
256 2973 498 3067 τινάς.ἐιιάστῳ
516 2969 651 3062 θεῦνῆ
679 2971 852 3061 δαιμόνων
871 2966 1017 3056 ῦγεσθαι

67 3078 213 3168 προςήκει
225 3080 282 3147 καί
294 3084 435 3165 θυσίας,
450 3073 504 3158 αἷς
520 3083 675 3166 χαίρουσι
688 3072 921 3165 γεραιρόμενοι
936 3066 1018 3156 πρὸς

68 3174 268 3270 ἀνθρώπων,
285 3182 467 3269 ἐκεχειρίας
484 3172 579 3250 τεοῦ
593 3180 649 3250 καὶ
663 3176 868 3265 πανηγύρεις
882 3173 937 3241 καὶ
955 3170 1016 3240 πό-

68 3306 129 3352 νων
142 3281 337 3363 ἀναπαύλας
355 3286 412 3353 καὶ
432 3282 542 3353 πάντα
560 3282 602 3353 τά
620 3287 758 3351 τοιαῦτα
778 3274 900 3365 ὁμοίως
919 3300 1015 3344 κατε·
1036 3294 1070 3348 30

69 3383 199 3473 στήσαιτο
216 3400 286 3468 τοις
303 3395 492 3476 κρατίστοις
511 3391 580 3455 τῶν
601 3381 680 3468 παρ’
694 3380 832 3467 Ἕλλησι
850 3384 1017 3467 νομίμων·

68 3486 136 3571 τούς
153 3491 193 3561 δδ
210 3492 505 3581 παραδεδομύιοος
524 3490 602 3576 περὶ
622 3482 736 3555 αῦτιόν
748 3482 897 3571 μύδρος,
917 3484 955 3552 ἐν
968 3474 1019 3561 οἷς
