2367 3850
406 113 640 174 -.r-
941 114 1004 177 υτ

35 275 187 356 δέξασθε
209 271 248 344 δὲ
268 269 351 344 αῦτό
369 271 415 364 μὴ
434 269 481 354 ῦς
501 275 556 344 ἐπὶ
578 278 721 365 διαβολῄ
739 274 798 343 καί
823 269 1005 369 ὀνειδισμῷ

34 383 88 470 τῷ
112 372 264 468 ὑμετέρῳ
279 373 478 466 λεγόμενον,
499 373 584 447 ἀλλά
598 381 660 446 τοῦ
678 373 866 462 ἀναγκαίου
885 380 1002 446 ἕνεκα·

34 478 92 548 ὅτι
114 477 153 548 τό
177 475 422 568 μὲνἏλβανῦν
443 481 539 568 γόνος
556 473 631 549 οἷον
642 471 687 567 ἦν
706 480 761 549 ἐπί
774 484 844 548 τῶν
863 479 1001 549 κτισάν-

35 609 110 652 των
125 581 188 670 τὴν
202 583 320 668 πόλιν,
340 587 494 652 τοιοῦτον
512 587 576 662 ἕως
589 587 660 652 τῦν
671 579 754 652 καθ’
768 579 854 672 ἡμᾶς
867 583 1000 671 χρόνων

36 687 216 772 διαμένει,
243 681 381 754 κυὶοῦκ
399 681 531 772 ἀνέχοι
552 713 604 765 τις
623 687 786 767 ἐπιδεῖξαι
806 691 918 773 φῦλον
938 681 1035 754 ἀντ

34 786 195 876 θρύπων
215 784 318 857 οῦδὲν
332 789 394 870 ἔξω
407 793 469 857 τοῦ
477 783 674 878 Ἑλληνικοῦ
688 814 725 856 τε
744 789 802 856 καὶ
820 793 882 856 τοῦ
895 793 998 856 Λατί-

35 919 133 974 νον,
154 881 181 982 ᾦ
194 895 252 978 τῆς
265 896 433 970 πολιτείας
447 890 743 979 μεταδεδώκαμεν·
775 885 873 977 ὑμεῖς
888 889 925 960 δὲ
938 887 1001 977 τὴν
1113 960 1116 964 .

35 991 219 1080 ἀκρίβειαν
239 997 299 1060 τοῦ
323 991 404 1082 παρ’
421 997 552 1071 ἑαυτοῖς
573 990 812 1080 πολιτεύματος
833 991 1000 1080 διεφθάρ-

34 1121 122 1164 κατε
148 1095 341 1184 Τυρρηνούς
360 1122 397 1164 τε
417 1090 661 1184 ὑποδεξάμενοι
680 1096 737 1164 καὶ
751 1101 925 1182 Σαβίνους
944 1094 1002 1163 καὶ

36 1197 165 1278 ἀλλους
184 1196 276 1278 τινὰς
298 1195 472 1278 ἀνεστίους
486 1201 542 1266 καὶ
557 1197 728 1286 πλάνητας
738 1199 797 1266 καί
810 1196 1001 1286 βαρβάρους
1019 1210 1053 1263 10

38 1299 136 1371 πάνυ
157 1298 320 1387 πολλοῦς,
344 1297 428 1370 ὥστε
448 1297 564 1388 ὀλίγον
581 1299 621 1371 τό
633 1299 775 1389 γνήσιον
791 1297 889 1389 ὑμῶν
908 1303 1002 1370 ἐστιν

38 1402 123 1474 ὅσον
142 1399 205 1491 ἀφ’
227 1398 323 1492 ἡμῶν
342 1400 503 1492 ὁρμήθη,
531 1408 659 1489 μᾶλλον
680 1403 719 1472 δὲ
737 1401 922 1473 πολλοστὸν
940 1406 1002 1471 τοῦ

40 1504 243 1576 ἐπεισάκτου
262 1531 299 1574 τε
319 1508 376 1576 καὶ
396 1503 599 1591 ἀλλοφύλου.
635 1513 668 1575 εί
680 1498 832 1593 δὲ’ἡμεῖς
843 1531 1000 1593 παραχω-

5 1657 7 1664 ,
39 1608 206 1698 ρήσαιμεν
224 1602 307 1696 ὑμῖν
330 1613 388 1698 τῆς
407 1605 524 1697 ἀρχῆς,
548 1605 585 1678 τό
605 1607 713 1680 νόθον
732 1605 825 1697 ἄρξει
842 1613 905 1677 τοῦ
916 1633 999 1695 γνη·

39 1719 120 1781 σίου
146 1713 203 1780 καὶ
222 1710 261 1780 τό
273 1710 446 1800 βάρβαρον
458 1716 520 1780 τοῦ
536 1707 732 1799 Ἑλληνικοῦ
751 1712 809 1780 καί
830 1708 868 1782 τό
887 1713 998 1780 ἐκείσ·
1019 1725 1051 1776 15

40 1842 147 1883 ακτον
176 1811 237 1882 τοῦ
261 1811 477 1902 αὐθιγενοῦς.
517 1810 682 1902 οὐδὲγάρ
701 1807 746 1883 ἀν
767 1817 867 1884 τοῦτο
894 1819 1001 1900 ἔχοιτε

41 1924 173 2003 εἰπεῖν,
201 1913 252 1985 ὅτι
268 1914 328 1988 τόν
351 1917 413 2006 μὲν
434 1921 563 2006 ἔπηλυν
584 1913 686 2006 ὄχλον
707 1913 848 1997 ούδενὺς
868 1915 1001 1986 εἰάκατε

42 2020 132 2099 εἶναι
145 2024 215 2089 τάν
227 2024 352 2091 κοινοῦν
365 2020 495 2109 κύριον,
514 2018 631 2109 ἀρχετε
645 2018 677 2089 δ’
692 2017 790 2094 αὑτοὶ
803 2024 861 2107 τῆς
873 2020 1002 2099 πόλεως

5 2134 26 2189 ῖ4
42 2126 99 2193 καὶ
113 2122 292 2211 βουλεύετε
306 2128 341 2193 ολ
351 2121 560 2210 αὐθιγενεῖς·
587 2119 672 2193 ἀλλὰ
686 2125 743 2193 καὶ
754 2130 903 2210 βασιλεῖς
916 2118 1000 2189 ἀπο·

42 2225 219 2297 δεικνύετε
240 2226 373 2313 ξένους,
392 2228 518 2315 καὶτῆς
540 2230 665 2314 βουλῆς
683 2222 721 2295 τῦ
741 2233 899 2295 πλεῖστον
919 2218 1002 2311 ὑμῖν
1017 2238 1053 2290 τό

42 2334 135 2399 ἐστιν
151 2331 188 2398 ἐκ
208 2333 276 2398 τόν
297 2328 493 2418 ἐπηλύδων,
518 2318 567 2397 ὑν
580 2326 683 2402 οῦδὲν
695 2323 892 2416 ἀτιμήσαιτε
904 2324 1001 2395 ἑκόν·
1023 2372 1026 2381 ·

42 2460 97 2514 τες
112 2428 306 2518 ὑπομένων.
339 2438 390 2511 τίς
404 2431 468 2521 γάρ
483 2434 643 2510 ἑκουσίως
659 2428 795 2519 ἄρχεται
807 2433 877 2499 τῦν
890 2454 1000 2517 κρειτ·

42 2534 157 2605 τόνων
171 2529 237 2603 ὑπὸ
250 2541 311 2605 τοῦ
329 2542 478 2623 χείρονος
490 2564 499 2615 ;
526 2533 631 2623 πολλὴ
645 2532 688 2623 δὴ
702 2538 812 2621 μωρία
831 2533 888 2604 καὶ
901 2529 1001 2601 κακό-

43 2666 123 2727 της,
161 2635 183 2705 δι’
210 2634 258 2707 δι’
288 2635 440 2727 ἀνάγκην
470 2634 588 2725 φαίητ’
617 2631 661 2707 ἀν
686 2633 782 2725 ὑμεῖς
806 2629 1002 2723 ὑπομένειν,

43 2746 151 2825 ταῦτα
171 2736 256 2829 ἡμᾶς
279 2740 413 2821 ἑκόντας
428 2742 595 2827 δέχεσθαι.
626 2736 815 2820 τελευταῖός
829 2728 885 2826 μοι
905 2736 1003 2826 λόγος
1019 2752 1056 2804 τό

45 2844 157 2928 ἐστίν,
183 2840 236 2913 ότι
253 2847 320 2933 ,τῆς
344 2842 526 2932 Ἀλβανῶν
539 2842 677 2925 πόλεως
693 2838 796 2912 οῦδὲν
821 2849 871 2911 ἔτι
894 2865 1003 2927 κειρα-

43 2963 137 3017 κιυεῖ
159 2949 258 3034 μέρος
277 2952 339 3015 τοῦ
363 2945 602 3033 πολιτεύματος
626 2942 917 3031 ὀκτωκαιδεκάτην
938 2941 1004 3031 ἤδη

44 3047 168 3137 γενεὰν
189 3051 387 3138 οἰκουμένης
407 3052 464 3119 καὶ
489 3049 599 3118 πάντα
619 3050 658 3119 ἐν
681 3048 794 3141 κόσμῳ
815 3044 856 3115 τά
869 3042 1005 3133 συνῄδη

45 3155 103 3222 καὶ
127 3152 251 3241 πάτριοι
272 3150 508 3239 ἐπιτελούσης,
535 3147 556 3241 ἡ
572 3148 608 3220 δ’
624 3148 773 3240 ὑμετέρα
792 3148 887 3227 πόλις
906 3144 1003 3217 ἀδια-

46 3254 211 3345 κόσμητός
232 3259 324 3327 ἐστιν
345 3264 394 3326 ἔτι
416 3257 474 3325 καί
495 3250 710 3340 ἀδιάτακτος,
736 3251 795 3323 ἅτε
817 3249 1006 3331 νεόκτιστος
1022 3268 1057 3322 τι)

47 3352 131 3429 οῦσα
152 3361 210 3428 καὶ
230 3362 268 3429 ἐκ
291 3364 425 3428 πολλῶν
445 3355 644 3447 συμφορητὴ
662 3358 795 3440 ἔδνων,
825 3345 1006 3443 ᾗμαιιρῦν

49 3468 102 3533 δεῖ
113 3461 248 3551 χρόνων
262 3465 319 3533 καὶ
332 3460 541 3550 παθημάτων
556 3463 792 3545 παντοδαπόν,
811 3462 869 3525 ἵνα
882 3483 1006 3546 καταρ·

97 3593 177 3629 υτοκ.
197 3594 217 3629 τ.
818 3566 857 3627 15
925 3610 934 3616 -
