2367 3850
528 131 965 230 ὥς-..

164 298 223 366 καλ
242 294 498 383 προστιθέντες,
519 291 628 376 οῦτως
650 291 736 366 ὥστε
759 293 905 385 μηδενός
925 300 1052 376 ἔθνους
1070 301 1135 366 τοῦ
1149 305 1179 360 ιιι

168 401 348 478 δοκοῦντος
374 397 462 467 εἶναι
492 399 848 487 πολυανθρωποτάτου
879 397 941 490 τόν
961 395 1137 489 Ῥωμαίων

167 502 336 588 γενέσθατ
345 504 454 590 δῆμον
467 500 637 572 ἐλάττονα.
826 543 827 552 1
942 549 944 556 ι

244 602 351 672 XVII.
381 601 429 672 Τά
443 599 658 704 δὲὶἙλλήνων
672 609 737 692 ἐθη
751 602 841 693 παρά
853 609 958 674 ταῦτα
973 603 1137 688 ἐξετάζων

134 719 151 774 ο
168 702 232 776 οῦκ
245 713 310 794 ἐγω
324 711 395 787 πῶς
408 709 574 777 ἐπαινέσω
585 707 627 776 τά
646 733 684 776 τε
699 712 981 794 Λακεδαιμονίων
994 708 1051 776 καὶ
1064 711 1137 776 τεόν

168 814 333 898 Θηβαίων
353 810 412 878 καὶ
436 814 506 879 τάν
524 811 682 900 μέγιστον
704 811 760 880 ἐπὶ
786 809 1138 902 σοφίμμρονοόντων

166 909 374 1000 Ἀθηναίων,
401 921 436 982 οἳ
453 911 680 1001 φυλάττοντες
705 909 743 982 τδ
770 909 904 1001 εύγενὲς
930 914 987 982 καὶ
1013 913 1139 1001 μηδενὶ
1177 937 1179 958 ι

169 1012 405 1104 μεταδιδόντες
431 1022 462 1085 εί
487 1013 532 1104 μὴ
553 1021 708 1094 σπανίοις
730 1020 788 1104 τῆς
814 1011 896 1103 παρ’
921 1017 1058 1096 ἑαυτοῖς·
1074 1039 1137 1084 πο-

169 1123 294 1196 λιτείας
312 1119 373 1199 (ἑοῦ
396 1114 460 1205 γάρ
480 1118 595 1206 λέγειν
614 1116 666 1187 ὅτι
680 1120 737 1188 καὶ
757 1121 1016 1207 ξενηλατοῦντες
1034 1123 1138 1204 ἔνιοι)

119 1237 153 1289 10
170 1217 254 1310 πρός
273 1224 321 1313 τῷ
334 1221 439 1308 μηδὲν
459 1217 650 1291 άπολαῦσαι
664 1220 786 1310 ταύτης
807 1227 866 1310 τῆς
887 1229 1139 1310 μεγαληγορίας

170 1319 303 1410 άγαθδν
315 1325 370 1392 καὶ
384 1321 426 1391 τά
437 1325 576 1411 μέγιστα
591 1320 637 1392 δι’
655 1320 761 1413 αὐτὴν
775 1324 976 1414 ἐβλάβησαν.
1012 1333 1136 1411 Σπαρ-

169 1430 280 1495 τιᾶται
292 1428 355 1513 μέν
374 1453 413 1514 γε
427 1432 628 1506 πταίσαντες
647 1425 735 1516 μάχη
753 1431 795 1516 τῇ
810 1430 886 1515 περὶ
899 1431 1078 1514 Λεῦκτρα,
1100 1429 1137 1495 ἐν

169 1518 193 1618 ᾖ
213 1533 341 1617 χιλίους
359 1530 417 1598 καὶ
435 1531 655 1608 ἑπτακοσίους
676 1525 803 1618 ἄνδρας
816 1527 1004 1617 άπέβαλον,
1020 1527 1137 1600 ούκέτι

169 1628 233 1721 τὴν
246 1628 347 1701 πόλιν
359 1629 583 1722 ἠδυνήθησαν
596 1634 634 1701 ἐκ
646 1636 705 1721 τῆς
725 1638 902 1722 συμφοράς
913 1631 1036 1722 ταύτης
1049 1630 1136 1701 άνα-

120 1751 154 1806 15
171 1742 307 1822 λαβεῖν,
329 1731 401 1804 ἀλλ’
419 1732 611 1823 άπέστησαν
628 1739 686 1823 τῆς
700 1730 880 1824 ἡγεμονίας
893 1731 958 1804 σῦν
978 1735 1137 1824 αίσχύνη.

172 1844 314 1925 Θηβαῖοι
326 1836 363 1905 δέ
372 1837 428 1906 καὶ
439 1834 613 1927 Ἀθηναῖοι
624 1839 657 1921 ἐξ
671 1834 744 1917 ἑνός
757 1844 819 1906 τοῦ
832 1839 909 1931 περὶ
919 1839 1138 1928 Χαιρώνειαν
1178 1831 1179 1889 ί

170 1936 378 2027 ἀτυχήματος
390 1936 459 2029 άμο
478 1939 545 2030 τήν
553 1967 590 2010 τε
608 1947 815 2029 προστασίαν
827 1948 886 2031 τῆς
901 1938 1060 2022 Ἑλλάδος
1081 1942 1138 2010 καί

170 2040 233 2131 τὴν
246 2045 447 2131 ἐλευθερίαν
460 2041 522 2133 τὴν
536 2042 680 2133 πάτριον
692 2038 760 2113 ύπδ
775 2044 989 2115 Μακεδόνων
1006 2041 1137 2133 άφηρέ-

170 2156 293 2233 θησαν.
325 2140 346 2234 ἡ
361 2145 400 2215 δέ
409 2142 578 2235 Ῥωμαίων
591 2145 687 2228 πόλις
700 2149 737 2217 ἐν
753 2142 878 2241 Ἰβηρίᾳ
891 2174 927 2217 τε
942 2148 998 2217 καὶ
1013 2145 1138 2239 Ἰταλίμ
1153 2152 1178 2231 ἳί

120 2271 155 2323 κο
172 2249 337 2337 πολέμους
360 2254 482 2337 έχουσα
507 2248 673 2338 μεγάλους
693 2258 855 2321 Σικελίαν
877 2276 914 2320 τε
935 2247 1139 2338 ἀφεστῶσαν

171 2346 390 2440 άνακτωμένη
404 2353 461 2421 καί
475 2351 636 2441 Σαρδόνα
657 2354 712 2421 καί
726 2357 795 2421 τάν
810 2355 848 2421 ἐν
860 2358 1064 2445 Μακεδονίᾳ
1080 2354 1139 2422 καί

171 2452 257 2523 κατά
269 2452 331 2543 τὴν
340 2439 481 2524 Ἑλλάδα
494 2453 700 2543 πραγμάτων
714 2457 1042 2545 ἐκπεπολεμωμένων
1052 2453 1138 2546 πρὸς

172 2554 279 2644 αὐτὴν
291 2558 349 2625 καλ
362 2556 580 2646 Καρχηδόνος
599 2558 653 2627 ἐπὶ
666 2554 729 2646 τὴν
743 2553 926 2647 ἡγεμονίαν
942 2558 1045 2628 πάλιν
1059 2555 1135 2627 άνι-

172 2660 336 2746 σταμένης
346 2661 403 2728 καλ
417 2665 476 2746 τῆς
488 2657 627 2739 Ἰταλίας
637 2656 679 2727 οῦ
690 2658 795 2748 μόνον
808 2658 1002 2751 άφεστοόσης
1017 2658 1137 2747 ὀλίγον

122 2782 155 2834 25
172 2766 247 2829 δεῖν
262 2759 385 2849 πάσης,
399 2758 485 2831 άλλά
502 2764 559 2831 καί
576 2761 832 2852 συνεπαγούσης
850 2762 910 2833 τὸν
921 2761 1136 2851 Ἀννιβιακὸν
1176 2782 1177 2806 ¹

170 2862 342 2951 κληθέντα
355 2904 357 2908 -
372 2863 536 2951 πόλεμον,
559 2864 730 2945 τοσούτοις
758 2864 938 2955 περιπετὴς
969 2869 1136 2955 γενομένη

172 2964 345 3046 κινδύνοις
358 2964 442 3036 κατά
461 2964 521 3036 τόν
537 2964 642 3037 αὐτόν
655 2967 778 3055 χρόνον
791 2966 956 3056 οὐχὸπως
976 2968 1135 3057 ἐκακώθη

171 3066 229 3138 διά
250 3066 309 3149 τάς
328 3069 402 3139 τότε
422 3069 537 3159 τύχας,
564 3067 650 3139 άλλά
671 3070 726 3139 καὶ
749 3072 957 3159 προσέλαβεν
978 3069 1078 3159 ἰσχύν
1103 3074 1135 3155 ἐξ

171 3168 284 3241 αῦτῦν
301 3177 350 3241 ἐτι
367 3179 501 3260 μείζονα
511 3179 569 3262 τῆς
583 3175 747 3261 προτέρας
760 3176 807 3268 τῷ
819 3173 944 3263 πλήθει
957 3178 1018 3243 τοῦ
1031 3194 1133 3265 στρα·

120 3294 156 3347 30
171 3280 328 3343 τιωτικοῦ
354 3273 438 3362 πρὸς
456 3271 588 3345 ἅπαντα
609 3272 748 3364 διαρκὴς
775 3277 938 3365 γενομένη
964 3275 1004 3345 τά
1027 3276 1134 3363 δεινά,

171 3373 248 3445 ἄλλ’
268 3374 330 3464 οῦχ
357 3374 469 3466 ὥσπερ
491 3373 774 3465 ὑπολαμβάνουσί
789 3405 879 3458 τινες
900 3376 1016 3471 εύνοίμ
1033 3380 1134 3469 τύχης

171 3480 377 3567 χρησαμένη·
392 3482 466 3553 ἐπεὶ
474 3480 597 3569 ταύτης
606 3506 645 3567 γε
657 3478 756 3569 χάριν
770 3476 919 3575 ᾤχετ’άν
927 3476 1133 3573 ὑποβρύχιος
