2367 3850
396 159 626 268 -Γῇ
936 163 997 226 261

28 315 79 404 οἷς
99 316 119 392 ό
144 315 301 411 βασιλεύς
323 327 491 413 σιωπῆσαι
505 321 666 404 κελεύσας
682 325 810 406 έλεξεν·
836 319 924 394 ούδ’
940 325 998 414 έμέ

28 428 196 514 λέληθεν,
218 422 340 514 ἄνδρες
355 421 529 514 Ἀλβανοί,
550 425 681 496 τούτων
703 416 753 496 ύν
772 422 997 513 ἀπολογεῖσθε

27 524 153 614 οὐδέν,
176 525 261 598 άλλά
279 524 318 597 τό
330 527 393 616 μὲν
406 533 535 617 πλῆθος
553 525 651 618 ὑμῶν
669 525 808 616 άγνοελν
827 527 889 616 τήν
911 553 994 617 προ-

10 635 154 700 ’δοσίαν
175 641 285 717 οἴομαι
308 629 565 721 τεκμαιρόμενος
590 628 642 701 ότι
672 634 807 700 πολλάν
837 630 993 700 συνειδό-

27 759 98 800 των
113 727 199 800 ούδέ
216 730 276 802 τόν
295 731 468 819 ἐλάχιστον
481 733 615 820 πέφυκε
627 730 668 802 τά
680 730 852 821 άπόρρητα
866 739 992 804 σιωπά·
1012 759 1029 810 ε

28 844 114 902 σθαι
128 832 269 922 χρόνον,
282 839 352 902 τῶν
366 834 404 904 δὲ
415 837 604 924 ταξιαρχεῖν
614 861 651 903 τε
660 836 717 904 καί
725 839 879 923 λοχαγῶν
886 836 997 924 βραχύ

28 961 59 1004 τι
73 937 181 1024 μέρος
194 931 339 1024 ήγοῦμαι
352 933 390 1006 τὸ
403 942 719 1025 συνεπιβουλεῦσαν
728 932 810 1026 ἡμίν
823 939 996 1025 γενέσθαι,

26 1035 62 1106 τό
85 1037 128 1106 δέ
151 1047 308 1108 πλεῖστον
321 1039 549 1127 ἐξηπατῆσθαι
568 1040 626 1108 καί
639 1045 687 1119 είς
700 1036 879 1118 ἀκουσίους
890 1037 995 1126 άνάγ-
1043 1116 1046 1122 ,

26 1167 87 1222 κας
98 1137 259 1229 άφλχδαι.
289 1144 321 1210 εί
333 1143 372 1210 δέ
383 1167 422 1227 γε
436 1139 566 1210 τούτων
578 1141 686 1230 μηδὲν
698 1138 823 1229 άληθές
836 1131 896 1229 ἦν,
910 1138 997 1211 άλλά

27 1243 159 1322 πάντας
186 1247 346 1331 είσήλθεν
363 1239 543 1331 Ἀλβανούς
568 1245 625 1312 καί
648 1240 726 1323 τούς
744 1236 870 1312 ένθάδε
895 1240 994 1324 ὄντας
1011 1269 1045 1321 10

28 1341 115 1434 ὑμᾶς
139 1344 196 1413 καί
217 1343 296 1426 τούς
317 1347 355 1414 έν
377 1349 418 1436 τή
440 1344 536 1415 πόλει
563 1345 868 1434 καταλειπομένους
891 1340 913 1434 ή
934 1351 995 1415 τού

27 1451 142 1528 κακῶς
155 1461 267 1517 ποιεῖν
284 1442 369 1535 ἡμᾶς
383 1449 564 1536 έπιθυμία,
580 1449 637 1517 καὶ
652 1452 751 1516 τούτο
765 1444 806 1518 ού
819 1451 885 1517 νῦν
900 1452 992 1536 πρῶ-

28 1577 87 1619 τον
116 1547 189 1618 ἄλλ’
208 1553 246 1620 ἐκ
272 1553 398 1618 πολλού
423 1548 515 1620 πάνυ
540 1549 664 1640 χρόνον
684 1551 889 1637 δεδογμένον
911 1546 994 1640 ύμίν

27 1643 87 1740 ἦν,
117 1655 177 1740 τής
196 1658 394 1738 συγγενείας
418 1657 518 1723 ἕνεκα
541 1649 649 1740 πολλή
668 1647 839 1740 Ῥωμαίοις
862 1648 993 1740 ἀνάγκη

28 1753 83 1822 καί
99 1750 207 1822 ταῦθ’
223 1750 320 1842 ύμιάν
337 1752 378 1822 τά
392 1749 580 1843 ἀδικήματα
595 1755 723 1843 φέρειν.
757 1758 815 1823 ἵνα
831 1751 869 1822 δέ
883 1753 993 1841 μηθέν
1011 1771 1044 1822 15

28 1853 237 1946 βουλεύσητε
256 1853 338 1927 καθ’
354 1852 451 1945 ήμάν
476 1855 598 1930 άδικου
617 1855 699 1947 μήτε
728 1853 769 1946 δή
794 1860 994 1947 βιασθέντες

27 1956 92 2029 ὑπὸ
107 1964 179 2029 τῶν
195 1956 392 2048 ἡγουμένων
404 1966 463 2049 τής
476 1960 605 2041 πόλεως
618 1961 700 2049 μήτε
712 1962 992 2049 παρακρουσθέν-

29 2090 81 2143 τες
112 2067 174 2151 μία
199 2061 335 2150 φυλακή
359 2064 415 2131 καί
444 2062 586 2154 πρόνοιά
610 2066 719 2149 ἐστιν,
751 2068 783 2131 εί
807 2068 865 2150 τῆς
890 2058 993 2150 αύτής

28 2164 160 2245 πόλεως
181 2173 313 2234 πολίται
334 2172 517 2254 γενοίμεθα
543 2162 687 2245 άπαντες
713 2165 769 2233 καλ
796 2170 878 2252 μίαν
899 2159 992 2251 ἡγοῦ

28 2278 121 2354 μεθα
135 2270 298 2355 πατρίδα,
314 2258 354 2355 ής
368 2257 408 2336 εὖ
420 2295 457 2337 τε
470 2270 525 2338 καλ
539 2282 653 2355 χεῖρον
666 2266 852 2355 φερομένης
868 2263 906 2333 τό
919 2269 990 2341 έπιτ
1009 2284 1042 2335 20

6 2376 14 2427 3
28 2370 156 2457 βάλλον
169 2370 269 2459 μέρος
282 2372 418 2449 ἕκαστος
431 2381 555 2440 οίσεται
569 2375 627 2457 τῆς
640 2368 756 2456 τύχης·
772 2371 834 2447 ἕως
849 2363 883 2435 δ’
898 2362 942 2435 άν
954 2369 993 2435 έκ

29 2470 198 2559 διαφόρου
217 2469 368 2559 γυοόμης,
390 2468 501 2561 ὥσπερ
515 2476 580 2541 νύν
595 2477 678 2557 ἔχει,
699 2469 737 2538 τό
750 2496 787 2537 τε
804 2478 921 2539 πλεῖον
937 2470 993 2537 καὶ

27 2571 212 2643 τούλαττον
232 2575 457 2661 ἐπικρίνωμεν
477 2573 642 2662 ἑκάτεροι,
659 2569 724 2641 ούκ
742 2579 833 2641 ἔσται
858 2571 993 2661 βέβαιος

28 2672 110 2765 ἡμῖν
130 2671 152 2762 ἡ
169 2672 251 2763 πρὸς
270 2672 434 2762 άλλήλους
462 2682 576 2762 φιλία,
604 2672 712 2752 άλλως
729 2700 766 2741 τε
784 2672 840 2741 καὶ
863 2680 894 2742 εί
913 2674 992 2762 μέλ-

28 2788 122 2847 λοιεν
134 2780 177 2869 ὀί
194 2775 258 2865 μὲν
276 2775 430 2865 πρότεροι
458 2775 759 2863 ἐπιβουλεύσαντες
780 2790 849 2855 τοῖς
870 2776 993 2864 ἑτέροις
1011 2796 1043 2847 25

28 2876 47 2969 ἢ
65 2877 343 2966 κατορθώσαντες
359 2889 477 2948 πλείου
489 2880 577 2961 ἕξειν
590 2872 612 2966 ή
624 2879 809 2966 σφαλέντες
822 2881 860 2948 έν
873 2878 994 2966 μηδενί

29 2986 134 3073 δεινῷ
163 2988 301 3051 ἔσεσθαι
325 2978 383 3050 διά
406 2978 444 3050 τό
467 2978 645 3067 συγγενές,
672 2976 756 3049 καθ’
776 2969 826 3048 ὧν
845 2978 880 3048 δ’
898 2974 941 3048 άν
957 2980 994 3047 αί

29 3082 251 3172 ἐπιχειρήσεις
289 3085 454 3170 γένωνται
486 3078 674 3170 ὑποχείριοι
699 3079 921 3160 καταστάντες
951 3077 993 3148 τά

30 3194 153 3276 ἔσχατα
167 3196 293 3257 παδείν
308 3187 365 3255 καὶ
386 3182 608 3274 διαφυγόντες
621 3183 732 3272 μηθέν
750 3181 862 3269 ὥσπερ
876 3183 994 3270 έχθρολ

29 3303 267 3379 μνησικακείν,
286 3286 369 3377 ὅπερ
382 3291 437 3364 καλ
452 3292 490 3359 έν
510 3290 557 3381 τῷ
578 3284 719 3374 παρόντι
737 3287 886 3372 γέγονεν.
923 3294 993 3353 ίστε
1011 3303 1045 3356 30

31 3390 70 3481 δὴ
93 3395 200 3460 ταῦτα
221 3392 407 3478 δεδογμένα
421 3386 592 3478 Ῥωμαίοις
608 3392 650 3477 τῇ
664 3386 881 3475 παρελθούσῃ
894 3388 994 3454 νυκτὶ

31 3490 282 3581 συναγαγόντος
298 3495 381 3583 έμού
401 3491 462 3582 τήν
482 3489 611 3580 βουλήν
631 3490 689 3557 καὶ
704 3486 746 3557 τά
761 3488 903 3571 δόξαντα
922 3501 993 3568 τοῖς
