2367 3850
418 169 646 230 ...p-

39 337 232 412 πλείστους
246 326 416 421 Ῥωμαίων
435 332 616 422 γεγονότας
632 327 724 422 δρῶν
746 331 803 400 καὶ
824 319 937 402 οὐκέτι
955 331 1019 422 τὴν

38 442 113 524 γῆν
138 430 184 514 ὡς
206 435 370 524 πρότερον
391 437 648 525 ἐργαζομένους,
673 431 876 522 συναγαγεῖν
893 442 940 516 είς
959 440 1014 506 ίκ-

39 544 195 626 κλησίαν
214 536 251 606 τδ
272 544 402 628 πλῆθος
421 538 462 607 τά
480 565 516 608 τε
535 549 616 608 θεῖα
635 538 749 624 σέβειν
767 534 891 616 αὐτοὺς
921 535 1016 626 ἠξίου

38 641 171 725 πάλιν,
192 637 304 730 ω”σπερ
319 643 373 710 ἐπὶ
387 641 487 730 Νόμα
506 643 676 711 διετέλουν
689 641 862 728 σέβοντες,
881 641 1016 725 διεξιών

39 740 97 814 ὅτι
121 742 214 832 παρὰ
232 743 294 834 τὴν
313 751 382 814 τιδυ
400 748 496 814 θεοῖν
508 741 693 830 ὀλιγωρίαν
704 742 799 814 νόσοι
819 771 857 814 τε
868 748 1015 833 λοιμικαὶ
1031 764 1049 814 ο

40 848 120 930 [καὶ
130 846 394 936 βλάβαι1πολλαὶ
407 847 619 936 κατέσκηψαν
633 852 681 927 είς
694 845 757 936 τὴν
770 848 880 934 πόλιν,
894 844 956 934 ὑφ’
967 839 1015 917 ὧν

15 968 19 978 ·
40 949 187 1038 ἐφθάρη
205 963 303 1038 μοῖρα
321 955 383 1020 τοῦ
402 949 555 1039 πλήθους
569 947 633 1020 οάκ
652 946 766 1038 ὀλίγη,
780 951 841 1020 καὶ
857 948 1016 1037 βασιλείας

36 1049 209 1132 Ὁστίλιος
240 1048 258 1120 ὁ
284 1051 330 1141 μὴ
356 1052 554 1142 ποιούμενος
581 1051 694 1123 κάτων
723 1050 767 1142 ἣν
793 1059 863 1128 ἔδει,
905 1062 1014 1139 φυλα-

42 1153 116 1245 κὴυ
143 1154 280 1243 κάμνων
301 1157 356 1225 ἐπὶ
376 1153 521 1236 πολλοὺς
541 1156 685 1246 χρόνους
708 1153 746 1225 τὸ
765 1161 861 1242 σῶμα
888 1155 1014 1226 πάθεσι

44 1263 280 1338 παντοδαποῖς
296 1260 352 1328 καὶ
368 1255 449 1328 οὐδὲ
461 1264 519 1347 τῆς
529 1259 664 1348 γνώμης
678 1264 727 1326 ἔτι
739 1262 798 1347 τῆς
812 1255 919 1328 αὑτοῦ
930 1287 1012 1348 καρ-
1034 1279 1066 1330 10

43 1359 146 1448 τερδς
160 1363 346 1448 διαμένων,
367 1358 451 1431 άλλά
466 1363 738 1451 συνδιαφθαρεὶς
755 1366 804 1454 τῷ
817 1361 944 1450 σάματι
957 1361 1016 1443 τάς

45 1465 196 1553 φρένας,
225 1470 359 1554 οἰκτράς
381 1470 614 1554 καταστροφῆς
636 1471 753 1551 ἔτυχεν
773 1461 873 1544 αὐτός
899 1491 937 1534 τε
958 1467 1015 1535 καὶ

45 1570 149 1655 γένος
162 1564 198 1636 τὸ
209 1569 241 1648 ἐξ
255 1564 374 1638 αὐτοῦ·
389 1574 557 1646 πολιτείας
566 1595 603 1637 τε
615 1564 752 1654 άγωγὴυ
765 1566 828 1656 τὴν
840 1563 907 1636 ὑπὸ
915 1568 1015 1655 Νόμα

1 1687 29 1740 19
45 1680 321 1740 κατασταθεῖσαν
336 1667 504 1761 Ῥωμαίοις
526 1673 673 1740 έπαινωυ
690 1664 735 1749 ὥς
749 1666 857 1758 καλὴν
870 1671 928 1739 καὶ
947 1670 1013 1738 σά·

46 1801 165 1862 φρουα
185 1769 251 1841 άπδ
270 1778 338 1842 τάν
354 1773 574 1843 δικαιοτάτων
587 1778 696 1861 ἔργων
710 1769 768 1852 τάς
787 1770 871 1842 καθ’
887 1768 1015 1862 ἡμέραν
1034 1795 1065 1846 15

47 1877 181 1969 ἑκάστῳ
200 1877 411 1965 παρέχουσαν
432 1873 607 1967 εὐπορίας,
635 1873 895 1947 ιἰναυειάσασθαι
914 1876 1031 1949 πάλιν.

48 1978 161 2068 αὐτὴν
176 1980 356 2069 παρεκάλει
370 1986 547 2070 γεωργίαις
564 1981 673 2049 τεκαὶ
688 1990 946 2070 κτηνοτροφίαις
958 1982 1017 2049 καὶ

47 2098 124 2163 ταῖς
138 2080 255 2161 άλλαις
277 2085 462 2173 ἐργασίαις,
482 2081 575 2164 ὅσαις
588 2083 700 2171 μηθέν
714 2080 861 2170 ἀδίκημα
874 2088 1015 2171 προσῆν,

48 2183 207 2275 ἁρπαγῆς
223 2184 261 2255 δέ
275 2188 331 2257 καὶ
345 2194 420 2275 βίας
434 2188 490 2255 καὶ
504 2190 572 2255 τάν
587 2188 625 2255 ἐκ
644 2191 706 2255 τοῦ
719 2187 867 2273 πολέμου
880 2187 1013 2273 γινομέ-

49 2316 124 2361 υωυ
158 2284 331 2376 άφελειιάυ
365 2285 552 2378 ὑπεριδεῖν.
602 2294 706 2357 ταῦτα
733 2289 788 2359 καὶ
817 2285 861 2355 τά
885 2286 1015 2367 τούτοις
1032 2299 1066 2352 20

48 2389 153 2481 ὅμοια
169 2391 402 2481 διαλεγόμενος
423 2394 479 2461 καὶ
501 2398 547 2472 είς
560 2389 694 2481 πολλὴν
714 2394 901 2478 ἐπιθυμίαν
914 2400 1015 2459 καθι·

49 2493 132 2575 στάς
163 2493 290 2575 πάντας
316 2492 454 2584 ἡσυχίας
479 2492 650 2584 άπολέμου
673 2496 730 2563 καὶ
752 2495 928 2583 φιλεργίας
950 2491 1014 2561 σοι’-

51 2624 181 2687 φρονος
201 2598 257 2667 καὶ
276 2596 359 2685 μετά
377 2604 476 2668 τοῦτο
494 2601 704 2684 συγκαλέσας
717 2596 795 2676 τούς
816 2594 1016 2683 ἱεροφάντας

51 2698 188 2781 καὶτὰς
215 2702 292 2790 περὶ
314 2706 384 2771 τοῖν
405 2706 506 2789 ἱεράν
525 2699 740 2791 συγγραφάς,
765 2695 804 2779 άς
830 2707 1017 2789 Πομπίλιος

51 2802 298 2890 συνεστήσατο,
314 2801 396 2894 παρ’
411 2802 524 2875 αὐτῶν
543 2802 659 2890 λαβοδν
677 2801 868 2893 ἀνέγραψεν
882 2810 928 2893 είς
942 2806 1015 2872 δίλ-
1035 2820 1068 2871 25

2 2902 4 2935 ³
50 2934 131 2986 τους
146 2907 201 2975 καὶ
222 2905 418 2997 προῦθηκεν
441 2910 478 2978 έν
491 2903 695 2999 άγορᾷπάσι
713 2922 783 2987 τοῖς
801 2906 1018 2994 βουλομένοις

52 3024 211 3095 σκοπεῖν,
236 3007 274 3089 ἃς
287 3007 520 3100 ἀφανισθῆναι
541 3012 668 3098 συνέβη
686 3015 733 3103 τῷ
746 3008 872 3102 χρόνῳ·
898 3015 1021 3093 χαλκαῖ

2 3174 3 3177 ,
52 3111 117 3201 γάρ
133 3108 229 3181 οὔπω
243 3119 361 3201 στῆλαι
373 3114 447 3185 τότε
461 3104 564 3201 ἦσαν,
580 3109 656 3183 ἄλλ’
665 3116 703 3182 έν
714 3118 867 3200 δρυΐναις
880 3108 1016 3197 ἐχαράτ-

53 3242 153 3286 τοντο
166 3221 301 3284 σανίσιν
315 3222 351 3285 οἵ
368 3244 403 3285 τε
418 3215 513 3303 νόμοι
534 3217 591 3285 καὶ
605 3221 643 3285 αί
653 3216 730 3302 περὶ
744 3212 812 3283 τῶν
827 3216 927 3300 ίεράυ
943 3216 1016 3280 δια-

53 3325 201 3407 γραφαί
220 3317 303 3407 μετά
322 3316 410 3387 δε
374 3346 435 3408 την
450 3316 592 3407 ἐκβολὴν
606 3346 675 3387 των
686 3310 955 3405 βασιλέωνείς’
935 3340 1016 3382 ανα-
1037 3332 1071 3383 30

2 3420 3 3487 ζ
54 3418 193 3510 γραφὴν
215 3425 379 3510 δημοσίαν
399 3412 500 3501 αὖθις
529 3418 684 3509 η’χθησαν
706 3444 755 3486 υπ
758 3414 907 3503 ’ἀνδρὸς
930 3421 1017 3502 ίερο-
1114 3484 1120 3491 ,

2 3534 41 3589 θλ
55 3525 189 3616 φάντου
216 3531 322 3595 Γαίου
342 3531 530 3616 Παπιρίου,
548 3522 611 3611 τὴν
638 3515 798 3589 ἁπάντων
824 3546 893 3587 τωυ
920 3522 1021 3608 ἱερων

2 3652 3 3663 ’
104 3655 186 3692 mou.
205 3656 226 3690 1
826 3628 866 3692 18
