2367 3850
172 107 235 172 226
536 135 587 148 -
640 103 774 164 Γ·-

173 269 278 355 τισθῇ
300 265 357 335 καλ
382 265 551 354 παύσηται
581 267 808 355 ταραττομένη
834 267 905 334 καὶ
917 264 1142 350 στασιάζουσα

175 368 288 496 ὥσπερ
300 369 374 438 νῦν
410 395 555 450 απαντες
570 365 661 438 δαν
675 379 804 439 είποιεν
825 365 877 439 ότι
896 373 950 438 δεί
967 369 1009 437 τὰ
1027 379 1140 438 καθε·

177 471 320 562 στηκότα
340 499 409 540 των
421 473 677 560 ταραττομένων
694 473 751 542 καλ
765 500 806 540 τα
794 467 1049 561 πεπειραμένα
1068 476 1142 540 των

176 573 410 663 ἀδοκιμάστων
430 573 543 644 καὶ
508 603 548 644 τα
566 570 763 663 ὑγιαίνοντα
776 601 846 644 των
860 573 1057 644 νοσούντων
1073 570 1140 662 ἀρ·

142 699 159 751 5
176 697 265 768 χειν·
279 675 329 758 οἷς
340 672 435 764 ὑμεῖς
445 674 607 771 τάναντία
618 674 791 760 ἀξιοῦντες
799 674 863 747 ούιι
877 672 991 766 ὀρθοῖς
1002 692 1142 749 ποιεῖτε.

246 779 308 848 XI.
349 786 493 850 Τοιαύτα
518 783 579 850 τού
608 787 822 867 Φουφεττίου
850 781 1004 862 λέξαντος
1026 805 1143 866 πειρα-

176 881 292 972 λαβάν
312 877 331 949 ὑ
350 882 475 962 Τύλλος
495 881 670 970 τὸνλόγον
691 881 779 952 είπε·
818 880 863 952 Τὸ
875 882 940 970 μέν
952 885 991 951 ίκ
1003 881 1144 970 φύσεως

176 988 243 1063 καὶ,
267 983 445 1072 προγόνων
478 983 598 1072 ἀρετῆς
623 989 775 1071 δίκαιον,
809 976 836 1053 ὦ
864 987 1054 1073 Φουφέττιε
1081 985 1144 1052 καλ

176 1085 274 1176 ὑμεῖς
287 1081 409 1174 ἀνδρες
420 1085 586 1174 Ἀλβανοὶ,
600 1085 718 1157 κοινόν
728 1084 929 1175 ἀμφοτέροις
942 1083 1039 1176 ὑμῖν·
1061 1084 1144 1165 τούς

127 1203 160 1256 10
178 1188 301 1272 αύτούς
322 1188 386 1279 γάρ
411 1188 627 1279 παρεχόμεθα
646 1188 835 1278 προγόνους
855 1186 1008 1278 ἑκάτεροι
1014 1241 1024 1275 ,
1054 1185 1143 1258 ὥστε

144 1312 154 1328 '
178 1291 280 1364 οὐδὲν
293 1298 349 1362 δεῖ
360 1292 482 1362 τούτου
502 1292 601 1382 χάριν
620 1289 699 1363 οὔτε
717 1293 821 1362 πλέον
837 1287 934 1380 ἡμῶν
949 1300 1039 1380 ἔχειν
1062 1289 1143 1371 τούς

116 1465 118 1473 2
178 1397 311 1486 ἑτέρους
331 1391 405 1464 οὔτ’
436 1402 582 1464 ἔλαττον.
615 1392 653 1462 τό
673 1394 713 1464 δὲ
732 1392 849 1483 ἄρχειν
869 1398 907 1465 ἐκ
925 1392 1053 1474 παντὸς
1070 1399 1142 1463 τοῖν

178 1496 343 1568 ἀποικιῶν
362 1495 420 1577 τὰς
439 1495 659 1587 μητροπόλεις
679 1492 724 1576 ἀς
746 1495 933 1583 ἀναγκαῖόν
950 1525 983 1566 τι
1003 1496 1143 1584 φύσεως

178 1600 321 1690 νόμιμον
335 1598 413 1670 ούτε
431 1598 554 1688 ἀληθές
564 1595 642 1668 ούτε
652 1604 785 1668 δίκαιον
801 1598 933 1688 ἠξιοῦτο
945 1596 1009 1688 ὑφ’
1024 1594 1140 1688 ὑμῶν·

129 1717 161 1771 15
179 1702 287 1775 πολλά
312 1705 353 1791 γέ
370 1731 421 1773 τοι
448 1701 540 1828 φῦλά
562 1705 654 1771 ἐστιν
681 1699 894 1790 ἀνθρώπων,
928 1729 996 1792 παρ
999 1694 1085 1782 ὀἷς
1107 1707 1145 1770 αλ

179 1806 398 1908 μητροπόλεις
424 1803 486 1874 ούκ
515 1803 678 1894 ἄρχουσιν
700 1802 777 1874 ἀλλ’
799 1801 1041 1875 ὑποτάττονται
1067 1821 1142 1883 ταῖς

180 1899 357 1988 ἀποικίαις.
390 1910 555 2001 μέγιστον.
563 1905 602 1977 δε
622 1908 680 1977 καλ
698 1907 938 1997 φανερώτατον
955 1936 1017 1978 του
1003 1906 1140 1995 λόγου

179 2016 279 2083 τοῦδε
300 2010 513 2101 παράδειγμα
532 2006 792 2099 ἡΣπαρτιατων
810 2010 907 2092 πόλις
928 2010 971 2081 ού
990 2040 1061 2081 των
1078 2009 1139 2080 ἀλ

179 2123 260 2185 λων·
272 2112 377 2203 μόνον
398 2112 514 2203 ἀρχειν
536 2111 675 2195 ἀξιοῦσα
693 2109 876 2202 Ελλήνων,
902 2110 989 2187 ἀλλά
1006 2117 1140 2186 καὶτοῦ

129 2232 164 2287 κθ
180 2220 340 2306 Δωρικοῦ
365 2220 486 2303 γένους
513 2212 599 2285 ὅθεν
620 2211 825 2309 ἀπῳκίσθη,
850 2218 908 2285 καὶ
932 2224 968 2286 τί
986 2222 1042 2288 δεῖ
1061 2219 1139 2299 περὶ

179 2323 248 2390 τιόν
267 2316 379 2389 ἀλλων
401 2322 533 2407 λέγειν,
562 2313 661 2387 αὐτοὶ
680 2317 745 2406 γάρ
767 2314 863 2407 ὑμεῖς
885 2323 921 2388 οί
939 2317 1002 2409 τὴν
1019 2314 1138 2408 ἡμετέ-

180 2450 245 2510 ραν
265 2421 366 2494 πόλιν
390 2419 625 2499 ἀποικίσαντες
642 2428 878 2492 Λαουινιατῶν
898 2425 972 2493 έστε
992 2419 1138 2493 ἄποικοι.

180 2530 212 2595 εἰ
233 2524 275 2613 δη
300 2524 435 2612 φύσεώς
461 2530 529 2595 ἐστι
552 2523 654 2611 νόμος
678 2522 796 2612 ἀρχειν
820 2530 878 2614 τῆς
901 2523 1057 2605 ἀποικίας
1076 2522 1140 2614 τὴν
1155 2544 1178 2591 ι

179 2626 395 2715 μητρόπολιν,
410 2625 472 2697 οὐκ
481 2621 525 2697 ἀν
534 2624 705 2715 φθάνοιεν
714 2623 913 2718 ἀμφοτέροις
922 2624 1138 2717 ἡμϊνΛαουῑ-

131 2748 163 2801 ιο
181 2734 292 2799 νιάται
313 2727 354 2798 τά
369 2736 482 2801 δίκαια
499 2729 691 2811 τάττοντεςς
713 2729 796 2817 πρός
809 2732 873 2819 μὲν
894 2730 937 2819 δὴ
952 2729 1139 2819 τὸπρῶτον

179 2827 278 2919 ὑμῶν
312 2836 478 2921 δικαίωμα
508 2834 570 2931 1καὶ
601 2841 761 2921 πλείστην
787 2842 864 2921 ἔχον
898 2831 1140 2924 εὐπροσωπίαν

178 2931 283 3005 ταῦθ’
303 2932 420 3003 ίκανά·
449 2933 566 3023 ἐπειδὴ
586 2933 625 3004 δὲ
637 2937 694 3005 καὶ
712 2934 790 3016 τούς
802 2945 899 3026 βίους
917 2941 986 3015 τῶν
1005 2933 1140 3006 πόλεων

180 3036 486 3124 ἀντιπαρεξετάζειν
500 3034 655 3126 ἀλλήλοις
669 3042 868 3128 ἐπεχείρεις,
896 3030 924 3107 ἀ
937 3042 1138 3128 Φουφέττιε,

179 3143 288 3228 λέγων
307 3137 359 3209 ότι
375 3138 414 3210 τό
435 3138 682 3228 μένἈλβανοῖν
703 3139 839 3227 εὐγενὲς
859 3139 976 3231 ὅμοιον
995 3140 1050 3213 ἀεὶ
1065 3148 1138 3213 δια-

54 3288 56 3292 .
128 3260 162 3311 30
179 3245 291 3329 μένει,
306 3240 343 3311 τὸ
358 3239 390 3311 δ’
406 3238 568 3330 ἡμέτερον
582 3245 786 3334 ἐξέφθαρται
799 3260 873 3325 ταῖς
886 3248 1066 3334 ἐπιμιξίαις
1078 3250 1139 3313 τού

179 3340 383 3431 ἀλλοφύλου,
404 3348 461 3413 καλ
474 3343 537 3413 ούκ
549 3342 662 3433 ἠξίους
676 3344 794 3435 ἀρχειν
807 3352 877 3417 τῶν
897 3355 1046 3435 γνησίων
1060 3346 1137 3426 τούς

178 3444 304 3525 νόθους
325 3443 405 3517 οὐδὲ
424 3453 494 3517 τεόν
513 3444 710 3535 αὐθιγενῶν
728 3446 809 3531 τοὺς
827 3450 1014 3539 ἐπήλυδας,
1046 3450 1136 3540 μάθε
