2367 3850
183 115 257 196 ,τοι
552 139 605 152 -
659 107 685 170 B
736 135 788 151 -

155 365 158 370 ι
197 277 350 366 λέγοντες
368 275 469 362 ίερολν
481 285 605 363 μολραν
625 270 715 343 ελναί
725 299 801 342 τινα
822 271 1078 362 φυλαττομένην
1090 270 1143 361 την

198 376 343 465 ένθάδε,
376 375 560 465 Δαρδάνου
589 375 653 466 μὲν
679 382 727 456 είς
754 372 816 465 τὴν
841 371 905 465 ὑφ’
937 379 1057 446 ἑαυτοῦ
1082 403 1141 444 κτι-

192 493 343 564 σθεῖσαν
362 479 463 550 πόλιν
487 482 525 549 ίκ
543 485 602 569 τῆς
623 477 730 571 νήσου
755 477 796 548 τά
817 477 890 568 ίερά
911 481 1142 568 μετενεγκαμέ-

200 612 279 673 νου,
299 588 440 653 Αἰνείου
461 582 517 671 δέ,
543 579 599 652 ότε
620 587 749 672 ἔφυγεν
770 585 807 652 ἐκ
826 588 885 672 τῆς
912 583 1069 672 Τρωάδος
1087 579 1143 671 ἅμα
1164 667 1165 678 η

167 713 183 762 5
200 702 270 770 τοῖς
288 685 400 767 ἀλλοις
413 687 469 755 καλ
488 691 594 755 ταῦτα
607 693 803 775 κομίσαντος
824 693 871 766 είς
887 681 1046 772 Ἰταλίαν,
1073 692 1106 755 οί
1114 687 1144 754 δλ
1164 685 1165 746 ί

200 790 239 862 τὸ
259 790 408 870 διοπετὲς
426 790 621 859 Παλλάδιον
643 785 888 879 ἀποφαίνοντες
907 789 993 860 εἶναι
1015 786 1053 859 τό
1074 787 1141 876 παρ’

197 894 329 965 Ἰλιεῦσι
348 892 547 982 γενόμενον,
575 889 620 975 ὡς
633 899 772 964 Αἰνείου
792 900 991 983 κομίσαντος
1009 890 1091 962 αὐτὸ
1105 890 1142 960 δι’

202 1001 393 1089 ἐμπειρίαν,
419 995 559 1085 Ἀχαιόν
582 996 620 1067 δὲ
639 995 677 1068 τὸ
693 1004 822 1087 μίμημα
850 993 954 1066 αὐτοῦ
983 995 1144 1086 λαβόντων

202 1106 329 1191 κλοπῇ·
358 1102 435 1192 περὶ
457 1090 499 1170 οῦ
525 1102 642 1170 πολλοὶ
668 1099 801 1190 σφόδρα
827 1110 975 1189 εἴρηνται
1004 1114 1144 1190 ποιηταῖς

154 1235 186 1286 10
203 1235 239 1277 τε
256 1206 313 1274 καί
329 1207 561 1294 συγγραφεῦσι
581 1203 684 1293 λόγοι.
717 1202 783 1292 έγοδ
799 1202 881 1274 δὲ
848 1231 885 1272 το
899 1203 962 1292 μὲν
981 1203 1071 1274 εἶναί
1081 1230 1144 1273 τινα

203 1323 271 1389 τοῖς
289 1317 423 1388 πολλοῖς
442 1305 549 1396 ἄδηλα
563 1307 636 1397 ίερά
656 1303 927 1433 φυλαττόμεναε
908 1305 975 1392 υπὸ
990 1311 1057 1376 των
1070 1331 1167 1412 παρ

203 1413 317 1482 θένων
341 1407 455 1481 μαλ’
417 1438 458 1480 ου
478 1408 517 1480 τό
545 1416 614 1501 πῦρ
635 1410 741 1500 μόνον
768 1413 805 1480 ἐκ
827 1415 962 1480 πολλάν
982 1409 1073 1480 πάνυ
1094 1437 1142 1477 αα·

204 1513 472 1604 ταλαμβάνομαι,
493 1521 569 1584 τίνοι
589 1513 628 1583 δὲ
644 1519 726 1584 ταῦτ
731 1511 856 1584 ’ἔστιν
874 1511 936 1583 οῦκ
955 1511 1037 1596 άξιιό
1051 1522 1141 1584 πολυ

205 1634 412 1711 πραγμονεῖν
433 1614 493 1687 οῦτ
499 1614 738 1706 ’έμαυτδν’
703 1616 782 1688 οότε
808 1616 912 1688 ἀλλον
937 1613 1062 1688 οὐδένα
1086 1621 1143 1685 τόν

157 1747 190 1798 15
206 1718 470 1814 βουλομένων
434 1748 474 1790 τα
489 1718 572 1808 πρός
584 1717 717 1801 θεοῦς”
698 1744 772 1790 οσια
787 1735 911 1810 τηρεῖν.
1167 1733 1168 1740 ’

283 1823 416 1894 LXVII.
441 1827 490 1892 Λί
501 1824 538 1893 δὲ
550 1823 803 1953 θεραπεύουσαι
817 1822 879 1914 τὴν
893 1822 978 1894 θεὸν
992 1824 1142 1948 παρθένοι

205 1930 357 2019 τέτταρες
376 1917 476 2017 μὲν
455 1948 542 2017 ησαν
564 1925 639 1999 κατ’
658 1925 762 2019 ἀρχάς
787 1935 855 1998 τῶν
874 1931 1041 2053 βασιλέων
1055 1922 1143 2004 αῦτάς

207 2034 418 2124 αίρουμένων
437 2026 493 2118 ἐφ’
516 2028 567 2113 οἷς
585 2031 806 2122 κατεστήσατο
828 2028 1005 2113 δικαίοις
989 2059 1007 2100 ο
1030 2030 1169 2118 Νόμας

113 2202 118 2215 s
206 2134 401 2226 ῦστερονδδ
419 2131 476 2204 διά
489 2141 700 2225 πλῆθοςτων
716 2139 922 2261 ίερουργιῦν
934 2132 972 2215 ἀς
987 2136 1139 2204 έπιιελου-
1154 2144 1169 2200 θ

157 2266 191 2318 20
207 2262 264 2312 σιν
291 2245 324 2325 ’ἐξ
347 2236 526 2330 γενόμεναι
548 2241 643 2329 μέχρι
669 2243 731 2309 τοῦ
750 2236 832 2308 καθ’
856 2234 941 2328 ἡμᾶς
965 2241 1142 2326 διαμένωσι

207 2343 330 2433 χρόνον
363 2347 495 2411 δίαιταν
527 2346 662 2430 ἔχουσαι
688 2342 778 2431 παρά
803 2345 844 2433 τῇ
876 2346 965 2435 θεῷ,
998 2346 1080 2411 ἔνθα
1104 2334 1142 2407 δι’

207 2444 331 2537 ἡμέρας
344 2444 406 2534 μὲν
417 2442 531 2527 οῦδελς
544 2442 739 2535 ἀπείργεται
751 2450 820 2514 τῶν
832 2445 1048 2533 βουλομένων
1060 2445 1142 2512 είσιέ-

208 2578 282 2638 ναι,
306 2548 439 2639 νύκτωρ
461 2548 499 2619 δέ
520 2544 636 2619 οὐδενί
657 2552 726 2618 τῶν
745 2544 898 2638 ἀρρένων
918 2552 1144 2617 ἐναυλίσασθαι

208 2654 315 2740 θέμις.
342 2650 463 2739 χρόνον
483 2651 521 2722 δέ
538 2656 776 2741 τριακονταετῆ
795 2653 911 2739 μένειν
932 2647 1034 2731 αῦτάς
1055 2645 1143 2735 ἀναγ-

159 2772 193 2823 25
210 2769 307 2823 καῖον
320 2750 425 2843 ἁγνάς
440 2752 558 2844 γάμων
576 2753 814 2844 θυηπολούσας
826 2782 863 2825 τε
883 2756 939 2823 καί
957 2745 1060 2823 τάλλα
1072 2763 1143 2839 θρη-

208 2856 392 2937 σκευούσας
401 2856 485 2927 κατά
498 2857 602 2947 νόμον
609 2902 624 2947 ,Δ
640 2861 678 2929 έν
691 2848 718 2954 ᾦ
732 2860 813 2928 δέκα
826 2858 888 2946 μὲν
902 2863 958 2948 ἔτη
971 2855 1144 2947 μανθάνειν

209 2958 311 3045 αῦτάς
330 2966 418 3051 ἔδει,
433 2961 526 3030 δέκα
546 2959 581 3031 δ’
600 2965 764 3032 ἐπιτελεῖν
781 2958 822 3029 τά
841 2958 929 3051 ίερά,
956 2959 997 3031 τά
1011 2958 1050 3030 δὲ
1062 2954 1144 3028 λοιπά

210 3068 292 3137 δέκα
305 3063 479 3136 διδάσκειν
497 3065 620 3154 ἑτέρας.
645 3068 919 3154 ἐκπληρωθείσης
937 3062 974 3135 δὲ
993 3069 1052 3151 τῆς
1067 3088 1142 3149 τρια-

157 3169 159 3174 ’
209 3176 401 3251 αονταετίας
425 3165 527 3238 οὐδὲν
556 3157 600 3259 ἦν
632 3166 669 3239 τό
695 3172 848 3239 κωλῦσον
873 3165 931 3248 τὰς
957 3168 1146 3257 βουλομένας

160 3292 194 3344 εο
209 3271 394 3356 ἀποθείσας
410 3269 451 3343 τά
471 3271 638 3361 στέμματα
657 3273 713 3341 καλ
731 3269 771 3342 τά
790 3269 891 3341 λοιπά
911 3271 1089 3360 παράσημα
1102 3270 1145 3354 τῆς

212 3375 394 3465 ίερωσῦνης
407 3385 597 3463 γαμεῖσθαι.
615 3375 671 3444 καλ
685 3374 846 3464 ἐποίησάν
859 3402 946 3455 τινες
960 3378 1057 3443 τοῦτο
1071 3370 1145 3441 πάνυ

211 3472 337 3565 ὀλίγαι,
362 3473 416 3557 αἷς
433 3474 547 3567 ἀζηλοι
562 3478 755 3568 συνέβησαν
776 3482 815 3549 αί
828 3478 978 3547 τελευταὶ
992 3480 1061 3564 τοῖν
1072 3482 1144 3563 βίον
