2367 3850
428 181 474 194 -
527 139 563 210 B
619 183 688 266 -μ
963 153 1022 218 173

60 317 224 401 Σαβίνων
233 313 272 382 έν
284 315 446 400 ίστορίαις
459 313 648 402 ἐπιχωρίοις
661 310 839 400 λεγόμενος
852 310 960 399 λόγος,
980 309 1024 394 ὦς

55 421 339 504 Λακεδαιμονίων
351 412 605 505 ἐποικησάντων
616 412 732 496 αὐτοῖς
751 410 832 485 καθ’
846 410 888 484 ὃν
901 414 1024 504 χρόνον

56 517 291 602 ἐπιτροπεύων
318 516 478 607 Εὔνομον
503 514 565 588 τδν
592 515 801 606 ἀδελφιδοῦν
825 521 1023 607 Λυκοῦργος

7 643 38 693 40
55 629 158 692 ἔθετο
170 627 212 710 τῇ
226 620 368 710 Σπάρτῃ
380 620 460 702 τοὺς
471 619 607 709 νόμους.
632 618 841 710 άχθομένους
854 621 917 709 γάρ
928 649 1023 702 τινας

52 730 98 814 τῇ
118 723 318 812 σκληρότητι
342 731 402 814 τῆς
421 731 624 813 νομοθεσίας
646 726 703 794 καί
731 723 930 804 διαστάντας
955 721 1056 804 άπός

52 825 126 896 τάν
152 829 276 914 ἑτέρων
304 837 457 913 οἴχεσθαι
478 825 517 896 τδ
542 825 702 915 παράπαν
728 830 765 898 έκ
793 832 851 917 τῆς
877 825 1022 908 πόλεως·

54 939 172 1002 ἔπειτα
197 926 253 998 διά
280 930 448 1018 πελάγους
472 935 600 1000 πολλοῦ
623 933 831 1018 φερομένους
858 926 1022 1013 εὔξασθαι

53 1043 235 1119 τοῑςλθεοις
257 1032 383 1116 (πόθον
406 1033 470 1121 γάρ
495 1061 572 1103 τινα
590 1029 759 1104 ὑπελθεῖν
784 1029 907 1113 αὐτοὺς
925 1029 1021 1102 ὁποι·

54 1135 225 1226 αςδήαοτε
243 1140 318 1224 γής)
345 1141 395 1216 είς
411 1134 457 1225 ἣν
474 1132 519 1206 άυ
536 1141 665 1206 ἔλθωσι
686 1135 840 1224 πρώτην,
861 1138 899 1204 έν
915 1134 1020 1224 ταύτῃ

54 1239 278 1327 κατοικήσειν.
323 1240 553 1326 καταχθέντας
576 1239 615 1308 δὲ
634 1244 692 1328 τής
713 1235 852 1319 Ἰταλίας
877 1239 955 1324 περὶ
981 1235 1022 1306 τά
1040 1267 1073 1318 10

55 1341 251 1430 καλούμενα
259 1350 462 1429 Πωμεντῖνα
476 1347 578 1414 πεδία
590 1341 628 1412 τό
640 1371 676 1414 τε
687 1349 822 1432 χωρίον,
835 1344 873 1410 ἐν
888 1330 1020 1435 βαροῖ-

55 1473 116 1514 τον
137 1441 348 1545 ὡρμίσαντο,
367 1452 549 1534 Φορωνίαν
564 1442 631 1516 άπδ
650 1451 709 1536 τῆς
730 1450 893 1531 πελαγίου
914 1443 1020 1533 φορή-

57 1568 143 1628 σεως
156 1545 319 1634 ὀνομάσαι
329 1551 396 1618 ’καὶ
411 1553 496 1630 θεάς
509 1546 602 1636 ίερδν
615 1552 818 1638 ἱδρύσασθαι
834 1553 1021 1636 Φορωνίας,

55 1643 154 1742 ήτδις
168 1647 267 1739 εὐχάς
286 1658 422 1722 ἔθεντο·
444 1649 488 1742 ἣν
503 1655 570 1721 νόν
589 1649 665 1732 ἑνὸς
683 1648 812 1740 άλλαγῇ
831 1650 1022 1740 γράμματος

56 1762 239 1845 Φερωνίαν
256 1760 430 1825 καλοῦσιν.
468 1757 604 1825 ἐκεῖθεν
627 1751 661 1824 δ’
677 1750 887 1844 ὁρμηθέντας
908 1750 1021 1825 αὐτῶν
1040 1774 1073 1828 15

57 1885 156 1939 τινας
184 1866 365 1939 συνοίκους
389 1872 460 1938 τοῖς
486 1851 651 1946 Σαβίνοις
675 1860 852 1948 γενέσθαι·
880 1857 938 1927 καί
967 1855 1022 1928 διά

54 1966 157 2031 τοῦτο
174 1959 281 2032 πολλά
294 1966 363 2031 τῶν
379 1969 533 2049 νομίμων
553 1959 641 2031 εἶναι
654 1968 816 2049 Σαβίνων
828 1960 1021 2040 Λακωνικά,

54 2066 201 2154 μάλιστα
214 2063 253 2133 δδ
271 2061 311 2134 τό
323 2064 553 2154 φιλοπόλεμόν
566 2091 603 2132 τε
622 2066 678 2133 καὶ
691 2062 728 2134 τδ
749 2069 952 2133 λιτοδίαιτον
964 2064 1023 2131 καὶ

56 2165 150 2257 παρά
163 2165 273 2236 πάντα
287 2165 329 2236 τά
344 2175 426 2255 ἔργα
438 2172 501 2237 τοῦ
513 2174 591 2255 βίου
605 2166 762 2255 σκληρόν.
796 2160 882 2254 ὑπὲρ
903 2165 966 2254 μέν
980 2164 1023 2253 δή

54 2275 121 2341 τοῦ
134 2276 300 2359 Σαβίνων
314 2271 436 2357 μένους
448 2268 554 2341 ταῦθ’
569 2269 679 2340 ίιιανά.
1039 2280 1074 2331 20

130 2373 171 2442 L.
198 2377 245 2441 Οί
262 2373 299 2443 δέ
320 2375 398 2462 περὶ
415 2370 476 2443 τόν
491 2370 659 2461 Ῥωμύλον
676 2374 732 2443 καὶ
760 2368 880 2440 Τάτιον
902 2367 964 2457 τήν
985 2395 1022 2437 τε

55 2474 159 2545 πόλιν
185 2472 292 2556 εὐθὺς
318 2480 459 2547 ἐποίουν
488 2483 622 2567 μείζονα
656 2472 861 2563 προσθέντες
889 2473 1024 2560 ἑτέρους

7 2596 39 2650 141
56 2576 145 2667 αὐτῇ
159 2578 223 2667 δύο
242 2579 386 2668 λόφους,
405 2578 465 2649 τόν
476 2608 514 2651 τε
527 2586 694 2667 Κυρίνιον
707 2578 877 2665 κληθέντα
895 2575 950 2647 καί
963 2572 1023 2643 τὸν

55 2688 219 2768 Καίλιον,
239 2684 297 2753 καί
310 2682 500 2771 διελόμενοι
514 2682 572 2763 τάς
585 2680 731 2771 οἰκήσεις
750 2673 851 2768 χωρίς
869 2675 1023 2767 άλλήλων

57 2791 195 2856 δίαιταν
220 2787 259 2855 ἐν
282 2801 352 2865 τοῖς
378 2792 479 2865 ίδίοις
505 2785 655 2873 ἑκάτεροι
678 2792 811 2873 χωρίοις
834 2785 1021 2866 ἐποιοῦντο,
1037 2798 1074 2851 25

52 2884 221 2978 Ῥωμύλος
241 2888 304 2976 μὲν
320 2887 359 2959 τό
377 2888 551 2958 Παλάτίον
569 2889 719 2974 κατέχων
743 2890 799 2956 καὶ
824 2884 861 2956 τό
882 2891 1024 2955 Καίλιον

57 2989 151 3079 ὄρος·
174 2998 244 3061 ἔστι
265 2992 304 3062 δὲ
322 2996 370 3085 τῷ
385 2998 545 3084 Παλατίῳ
564 2992 739 3080 προσεχές·
766 2988 884 3067 Τάτιος
907 2986 944 3055 δδ
964 2984 1024 3055 τὸν

57 3095 292 3181 Καπιτώλιον,
307 3093 414 3181 ὅνπερ
430 3098 463 3178 ἕξ
477 3092 581 3183 άρχής
596 3099 750 3181 κατέσχε,
766 3093 824 3162 καὶ
841 3087 902 3159 τὸυ
915 3094 1024 3175 Κυρί-

58 3224 136 3268 νιον
149 3194 268 3285 ὄχθον.
288 3197 326 3267 τδ
341 3195 610 3285 δ’ὑποκείμενον
622 3200 670 3287 τῷ
687 3200 891 3285 Καπιτωλίῳ
905 3195 1025 3261 πεδίον

58 3300 266 3383 ἐκκόψαντες
286 3299 348 3389 τήν
372 3305 410 3372 έυ
435 3298 528 3394 αὐτῷ
556 3312 753 3389 πεφυκυῖαν
774 3292 861 3384 ὕλην
886 3296 943 3363 καί
968 3296 1026 3380 τῆς
1043 3310 1077 3362 3ο

58 3410 198 3493 λίμνης,
214 3400 237 3492 ή
251 3402 294 3492 δή
314 3400 372 3473 διά
390 3403 559 3475 τὸκοῖλον
577 3403 674 3473 είνοιι
684 3399 722 3470 τδ
736 3408 860 3489 χωρίον
874 3396 1025 3485 έπλήθνε

57 3522 127 3589 τοῖς
141 3510 319 3577 κατιοῦσιν
332 3510 371 3579 ἐκ
383 3504 552 3599 τοῖνόροῐν
563 3504 705 3592 νάμασι,
718 3500 760 3571 τά
773 3500 881 3571 πολλὰ
892 3497 1024 3589 χάσαν-
