2367 3850
422 101 649 168 -A-
961 108 1012 216 Ι19

52 268 169 358 έστιρτε
186 268 224 340 δὲ
250 272 312 339 τοῦ
330 269 476 358 νάματος
494 263 537 340 οά
557 275 675 340 πλεῖον
694 263 718 360 ή
736 273 892 343 ποδιαῖον
907 265 1009 355 ὕψος·
1027 329 1038 340 .

50 369 230 460 ἀνίδρυτος
250 365 283 442 θ’
304 374 376 442 ἐστὶ
393 374 450 446 καὶ
469 371 684 462 περινήχεται
701 377 852 463 πολλαχῇ
869 378 1008 444 θιυοῦυ·

51 471 220 565 τοςαάτήυ
231 472 350 546 ἀλλοτι
362 471 569 556 κατ’ἀλλους
580 474 703 556 τόπους
714 472 820 567 ήρέμα
832 481 893 548 τοῦ
902 475 1006 548 πνεά·

14 599 36 650 θ
49 605 161 668 ματος.
186 577 268 668 χλόη
288 582 329 650 δέ
345 607 395 660 τις
407 581 447 649 ἐν
458 575 544 668 αὐτή
560 577 681 666 φύεται
694 577 848 675 βουτόμῳ
861 601 1006 670 προσεμ-

48 679 155 771 φερής
166 684 224 752 καὶ
236 681 362 772 θάμνοι
374 683 464 764 τινὲς
475 679 516 752 οά
528 682 685 770 μεγάλοι,
705 687 842 773 πρᾶγμα
854 698 1007 770 κρεῖττον
1022 697 1040 748 ο
1079 739 1082 746 .

47 783 152 871 λόγου
173 802 244 866 τοῖς
264 780 420 868 ἀθεάτοις
440 786 499 856 καί
517 775 566 858 ἀν
583 781 605 876 ή
623 784 725 870 φύσις
742 791 809 880 θρᾴ
820 786 1007 876 θαυμάτων

48 885 189 967 οὐδενὸς
204 887 373 978 δεύτερον.

122 990 214 1062 XVI.
233 989 301 1080 Τήν
315 993 379 1079 μέν
391 991 433 1083 δή
452 990 589 1082 πρώτην
601 1000 734 1080 οῖπησιυ
746 994 782 1062 οί
798 988 1004 1080 Ἀβοριγῖνες
1049 1002 1054 1014 ‘

47 1098 83 1164 ἐν
103 1093 233 1176 τούτοις
259 1097 413 1184 λέγονται
432 1096 637 1185 ποιήσασθαι
655 1109 725 1176 τοῖς
741 1094 870 1180 τόποις,
892 1096 1004 1178 ἐξελά·

45 1218 165 1279 σαντες
181 1200 217 1280 ἐξ
229 1194 342 1268 αὐτῶν
350 1194 557 1288 Ὀμβρικούς.
593 1201 756 1268 ἐντεῦθεν
768 1198 805 1268 θλ
818 1193 1005 1287 ὁρμώμενοι
1023 1210 1057 1267 lo

45 1316 114 1382 τοῖς
133 1329 170 1370 τε
190 1299 304 1382 ἀλλοις
322 1301 576 1392 βαρβάροιςιιαί
592 1300 731 1372 πάντων
744 1301 887 1390 μα’λιστα
900 1310 1004 1372 Σικε·

45 1413 114 1486 λοῖς
137 1399 358 1494 ὁμοτέρμοσιν
381 1397 480 1476 οὖσιν
493 1401 579 1492 ὑπὲρ
599 1408 658 1495 τής
677 1403 787 1493 χώρας
807 1407 1004 1492 ἐπολέμουν,

45 1506 80 1576 τό
106 1507 171 1595 μὲν
190 1513 324 1594 πρῶτον
345 1507 418 1597 ίερά
442 1534 492 1588 τις
512 1511 696 1591 ἐξελθοῦσα
720 1507 853 1594 νεότης,
882 1505 1005 1596 ἀνδρες

46 1606 152 1698 ὀλίγοι
171 1609 255 1682 κατά
284 1618 361 1700 βίου
381 1612 515 1700 ζήτησιν
533 1605 602 1680 ὑπὸ
614 1614 684 1680 των
696 1614 906 1700 γειναμένων
916 1609 1002 1682 ἀπο·

44 1713 237 1801 σταλέντες,
263 1721 343 1795 ἐθος
361 1718 605 1804 ἐκπληροῦντες
625 1709 784 1802 ἀρχαῖον,
810 1705 841 1808 ᾦ
859 1713 1004 1797 πολλοὺς
1022 1733 1054 1786 1⁶

45 1815 226 1906 βαρβάρων
244 1845 282 1887 τε
301 1817 358 1888 καὶ
378 1815 545 1907 Ἑλλήνων
570 1820 747 1906 ἐπίσταμαι
765 1822 1002 1908 χρησαμένους.

44 1915 141 1991 ὁπότε
164 1918 229 2009 γάρ
245 1927 293 2003 είς
306 1918 407 2011 ὄχλου
429 1917 560 2011 πλῆθος
578 1926 732 1993 ἐπίδοσιν
751 1926 790 1993 αί
802 1920 917 2004 πόλεις
934 1925 1004 1994 τισί

44 2024 180 2113 λάβοιεν
198 2022 284 2097 ὥστε
298 2028 415 2115 μηκέτι
428 2023 486 2105 τὰς
500 2030 625 2105 οἰκείας
636 2023 764 2115 τροφὰς
775 2022 902 2097 ἅπασιν
914 2025 1004 2097 εἶναι

43 2130 208 2219 διαρκεῖς,
228 2123 249 2218 ἢ
267 2140 462 2199 κακωθεῖσα
481 2141 553 2208 ταῖς
573 2124 747 2218 οὐρανίαις
765 2137 963 2219 μεταβολαῖς
980 2124 1003 2217 ή
1022 2132 1028 2138 ’

43 2236 81 2319 γή
104 2239 271 2312 σπανίους
297 2229 375 2312 τοάς
402 2229 565 2311 εἰωθότας
589 2229 740 2321 καρποὺς
765 2234 948 2319 ἐξενέγκοι,
978 2227 1055 2322 ήεο

42 2334 174 2405 τοιόνδε
186 2362 218 2405 τι
232 2334 342 2415 πάθος
354 2331 436 2405 ἀλλο
448 2332 507 2416 τάς
520 2336 634 2415 πόλεις
646 2334 813 2423 κατασχὸν
826 2344 892 2405 είτο
905 2331 1000 2423 ἀμει·

16 2454 101 2507 ανον
128 2446 198 2507 εῖτε
223 2453 337 2526 χεῖρον
360 2434 512 2527 ἀνάγκην
535 2436 723 2527 ἐπιστήσειε
747 2437 916 2527 μειώσεως
940 2444 1001 2508 τοῦ

42 2539 213 2629 πλήθους,
248 2546 343 2612 θεῶν
369 2538 436 2635 ὅτρι
466 2538 506 2631 δή
534 2545 775 2629 καθιεροῦντες
806 2537 1001 2629 ἀνθρώπων

43 2646 169 2723 ἐτείους
189 2642 293 2732 γουάς
306 2647 491 2733 ἐξέπεμπον
511 2636 628 2725 ὅπλοις
647 2643 872 2734 κοσμήσαντες
887 2648 924 2715 ἐκ
942 2650 1002 2735 τῆς

42 2748 221 2833 σφετέρας·
245 2754 277 2819 εἰ
288 2748 350 2837 μέν
362 2743 448 2835 ὑπὲρ
468 2743 647 2834 εὐανδρίας
659 2741 681 2837 ἢ
693 2753 789 2836 νίκης
803 2750 840 2816 ἐκ
853 2751 1002 2837 πολέμου
1018 2768 1052 2821 25

42 2848 237 2939 χαριστήρια
249 2862 344 2931 θεοῖς
355 2848 567 2938 ἀποδιδοῖεν,
581 2850 790 2939 προθύοντες
803 2850 876 2939 ίερά
890 2850 931 2922 τά
942 2880 999 2923 νο·

43 2953 218 3042 μιξόμενα,
233 2951 395 3043 εὐφήμοις
403 2961 536 3034 οἰωνοῖς
549 2952 607 3035 τάς
619 2951 776 3035 ἀποικίας
785 2956 999 3044 προπέμπον·
1015 2988 1023 2999 ·

44 3076 108 3135 τες·
133 3062 168 3125 εί
180 3052 213 3127 θ’
230 3060 285 3130 ἐπὶ
306 3066 467 3146 μηνίμασι
481 3063 667 3143 δαιμονίοις
679 3054 875 3145 ἀπαλλαγὰς
887 3056 1000 3128 αίτού·

45 3184 134 3243 μενοι
157 3165 225 3229 τάν
243 3160 452 3250 κατεχόντων
474 3165 562 3248 σφᾶς
579 3166 694 3231 κακῶν
711 3161 750 3231 τὸ
768 3160 1002 3249 παραπλήσιον

46 3266 170 3356 δρῷεν,
191 3261 290 3335 αὐτοί
299 3290 336 3335 τε
349 3260 531 3352 ἀχθόμενοι
545 3266 602 3333 καλ
614 3264 853 3353 συγγνιέμονας
865 3259 999 3347 ἀξιοῦν·
1017 3284 1052 3339 ao

44 3390 93 3461 τις
106 3368 267 3453 γενέσθαι
279 3365 357 3448 τούς
369 3364 671 3455 ἀπελαυνομένους.
692 3374 728 3439 οί
736 3367 774 3438 λλ
786 3364 1000 3435 ἀπαναστάν-

45 3481 92 3548 τῖς
111 3465 157 3550 ἀς
173 3465 285 3541 οὐκέτι
298 3474 357 3560 τής
370 3470 524 3567 πατρῴας
536 3473 599 3557 γής
610 3466 892 3602 μεταληψόμεηοι,
912 3475 944 3539 εί
955 3467 1002 3557 μή

142 3610 148 3625 ·
303 3614 320 3638 ι
791 3577 809 3637 2
