2367 3850
361 97 636 170 '-13-
933 112 995 178 205

30 271 97 359 (ού
119 272 185 362 γάρ
205 269 300 344 ὅσιον
323 270 494 362 αἱμάττειν
512 271 589 355 τούς
609 276 749 359 λίθους)
773 272 939 355 πελάνους
958 275 995 344 δὲ

12 434 13 443 ,
30 377 216 466 Δήμητρος
234 378 290 446 καὶ
312 374 414 458 άλλας
434 374 527 458 τινάς
540 381 680 467 καρπῶν
693 373 852 466 ἀπαρχάς.
894 381 995 466 έχρήν

29 482 67 550 δὲ
84 484 146 550 καὶ
159 479 198 550 τὸ
216 487 316 569 ἔργον
329 487 377 550 έτι
391 481 571 569 φυλάττειν
585 478 650 550 άπὸ
664 485 724 550 τοῦ
738 491 824 569 ίσου,
842 471 884 550 οὗ
897 479 995 569 χάριν

29 582 142 664 θεούς
172 584 306 673 ἐνόμισε
333 581 411 664 τούς
437 585 598 673 τέρμονας
618 579 637 653 ό
657 584 791 674 Νόμας,
818 588 1010 672 ίκαυουμέῃ

27 717 116 768 νους
140 704 209 769 τοῖς
230 691 359 758 ἕαυτιόυ
379 687 538 777 κτήμασι,
566 692 636 756 τάν
655 684 689 757 δ’
709 685 896 778 άλλοτρίων
913 686 994 777 μήτε
1010 715 1027 766 5

28 799 90 884 βίᾳ
115 791 411 881 σφετεριζομένους
431 791 538 881 μηδὲν
556 790 640 880 μήτε
659 791 757 883 δόλφ.
793 797 857 862 νῦν
881 789 912 862 δ’
933 788 995 880 οὐχ

29 892 74 976 ως
89 891 236 983 άμεινου
254 890 330 963 οὐδ’
348 890 393 974 ὡς
410 902 446 965 οί
457 894 616 984 πρόγονοι
637 899 828 984 παρέδοσαν
849 891 997 985 ὁρίζουσί

29 1025 124 1078 τινες
139 995 203 1094 άπδ
213 1003 282 1076 τεόν
295 995 480 1085 άλλοτρίων
492 996 533 1067 τά
547 1003 671 1080 οίκεϊα,
685 995 760 1068 ἀλλ’
778 1005 869 1068 έστιυ
882 995 996 1078 αὐτοῖς

29 1099 109 1188 ὅρος
127 1106 196 1170 τάν
216 1100 365 1190 κτήσεων
386 1098 448 1190 οὐχ
467 1096 617 1191 όυόμος,
638 1097 712 1170 άλλ’
727 1098 748 1191 ή
763 1099 899 1172 πάντων
922 1104 993 1170 έπι-

29 1210 163 1294 θυμία,
181 1209 316 1293 πρᾶγμα
329 1201 370 1275 ού
383 1203 497 1276 καλόν.
525 1202 595 1275 ἄλλ’
608 1201 694 1294 ὑπὲρ
709 1206 771 1296 μὲν
783 1204 912 1275 τούτων
926 1206 993 1274 ἑτέ·
1013 1223 1047 1281 10
1163 1288 1168 1297 1

33 1336 104 1397 ροις
120 1315 285 1396 παρίεμεν
298 1323 447 1378 σκοπεῖν.

102 1411 244 1480 LXXV.
262 1407 298 1480 ‘0
319 1412 355 1482 δέ
374 1411 492 1499 Νόμας
513 1417 560 1492 είς
582 1410 644 1500 μέν
665 1407 835 1480 εύτέλειαν
852 1403 994 1480 καδσω-

35 1516 213 1604 φροσύνην
234 1512 290 1584 διά
301 1514 463 1584 τοιούτων
476 1516 668 1586 συνέστειλε
681 1513 795 1603 νόμων
802 1510 870 1604 τήν
883 1512 995 1600 πόλιν,

35 1626 80 1697 εἰς
97 1618 137 1687 δὲ
150 1617 212 1708 τήν
226 1621 301 1708 περὶ
315 1618 355 1688 τά
369 1618 555 1707 συμβόλαια
571 1616 789 1706 δικαιοσύνην
805 1613 996 1706 ὑπηγάγετο

36 1726 173 1810 πρᾶγμα
188 1718 335 1810 έξευρωυ
354 1719 563 1811 ἠγνοημένον
576 1718 644 1792 ύπδ
662 1720 799 1804 πάντων
811 1725 879 1790 τάν
893 1748 993 1790 κατα·
1014 1733 1046 1784 15

36 1825 254 1914 στησαμέυωυ
268 1823 325 1905 τάς
338 1828 534 1914 ἐλλογίμους
544 1833 726 1906 πολιτείας.
763 1819 853 1914 δρῶν
867 1821 931 1914 γάρ
945 1819 996 1894 ότι

36 1934 104 1997 τόν
125 1936 341 2019 συμβολαίων
361 1929 401 1999 τά
419 1929 482 2019 μέν
494 1934 533 2000 έυ
552 1935 691 2025 φανερῷ
703 1930 759 1999 καί
773 1927 855 2018 μετά
868 1928 995 2018 μαρτύ-

11 2061 108 2120 ρρωυ
132 2032 343 2122 πραττόμενα
369 2029 390 2122 ή
414 2037 483 2103 τῶν
509 2033 682 2103 συνόντων
701 2030 803 2113 αίδύς
824 2032 996 2121 φυλάττει,

37 2138 92 2207 καὶ
108 2137 246 2207 σπάνιοί
264 2139 352 2217 τινές
371 2141 458 2208 εἰσιν
477 2142 512 2207 οί
527 2134 663 2224 περὶτὰ
683 2140 820 2205 τοιαῦτα
835 2133 994 2205 άδικοῦν-

37 2268 110 2326 τες,
133 2239 175 2309 τδι
195 2240 232 2309 δέ
250 2235 426 2329 άμάρτυρα
446 2244 559 2332 πολλῷ
572 2247 676 2311 πλείω
690 2244 758 2308 τάν
772 2240 895 2326 ἑτέρων
915 2235 996 2307 όυτα
1013 2253 1047 2303 20

37 2350 121 2430 μίαν
147 2352 213 2431 ἔχει
239 2340 397 2433 φυλακὴν
423 2341 485 2433 τήν
510 2349 579 2412 τάν
604 2341 846 2439 συμβαλόντων
872 2348 996 2424 πίστιν,

37 2448 116 2533 περὶ
136 2446 262 2536 ταύτην
283 2442 365 2541 ᾤετο
380 2453 454 2517 δεῖν
467 2445 657 2518 σπουδάσαι
671 2441 795 2525 παντὸς
817 2440 920 2513 άλλου
934 2442 995 2532 μά-

38 2559 134 2619 λιστα
154 2551 210 2619 καὶ
224 2556 358 2639 ποιήσαι
372 2557 480 2620 θείων
494 2554 670 2640 σεβασμῶν
684 2546 790 2633 άξίαυ.
811 2553 922 2636 Δίκην
935 2546 997 2635 μὲν

39 2652 103 2740 γάρ
117 2654 174 2723 καὶ
188 2655 293 2741 Θέμιν
306 2656 362 2723 καὶ
376 2656 528 2742 Νέμεσιν
548 2655 604 2723 καὶ
623 2651 681 2733 τὰς
695 2653 901 2740 καλουμένας
915 2646 993 2735 παρ’

39 2755 187 2845 Ἐλλησιν
210 2755 364 2844 Ἐρινύας
387 2760 443 2828 καὶ
470 2754 532 2827 ὅσα
560 2755 690 2837 τούτοις
718 2752 815 2845 όμοια
840 2751 905 2825 ὑπὸ
929 2758 997 2824 των
1013 2772 1046 2822 25

40 2861 214 2950 προτέρων
228 2858 457 2949 ,ἀποχρώντως
483 2864 730 2931 ἐκτεθειῶσθαί
748 2887 784 2928 τε
806 2860 861 2929 καὶ
883 2856 996 2929 καθω-

40 2969 185 3035 σιῶσθαι
195 2962 338 3052 ἐνόμισε,
352 2972 475 3033 Πίστιν
487 2964 535 3049 δὲ,
546 2953 584 3053 ἧς
597 2960 796 3061 ούτειμεῖζον
810 2960 888 3032 οὔτε
901 2959 997 3047 ίεροό-
1044 3028 1055 3037 ,

40 3094 137 3155 τερον
159 3066 269 3147 πάθος
291 3072 328 3137 έν
347 3064 543 3154 ἀνθρώποις
564 3063 686 3155 οὐδέν,
713 3064 807 3137 οόπω
821 3067 998 3151 σεβασμῶν

39 3170 219 3257 τυγχάνειν
239 3167 312 3240 οὔτ’
335 3174 373 3240 έν
386 3184 455 3249 τοῖς
470 3184 596 3250 κοινοῖς
609 3176 677 3240 τῶν
696 3170 828 3239 πόλεων
845 3165 998 3256 πράγμα-

40 3269 191 3343 σινὀύτ’.
216 3276 255 3343 έυ
272 3289 342 3353 τοῖς
363 3279 470 3355 ίδίοις.
505 3278 609 3343 ταῦτα
631 3275 667 3344 δὲ
690 3271 883 3359 διανοηθεὶς
906 3273 996 3357 πρά·
1015 3287 1049 3339 30

41 3403 93 3456 τος
107 3372 302 3466 άυθρεόπωυ
318 3375 410 3468 ἱερὸν
424 3375 583 3467 ἱδρύσατο
600 3372 751 3455 Πίστεως
766 3379 925 3463 δημοσίας
946 3372 1001 3441 καὶ

42 3486 164 3561 θυσίας
175 3477 262 3571 αύτῇ
284 3480 521 3571 κατεστήσατο,
548 3478 703 3568 καθάπερ
721 3478 777 3546 καί
798 3490 867 3555 τοῖς
888 3473 1000 3553 ἅλλοις
