2367 3850
438 167 666 228 -B-·-
964 173 1024 234 155

132 323 298 396 xxxllll.
325 331 454 398 Τοῦτον
466 327 504 398 δέ
516 325 576 398 τόν
587 327 715 415 τρόπον
726 322 871 416 ἁλούσης
890 335 947 420 τῆς
962 331 1024 402 πό-
1044 365 1049 378 ·

56 436 147 509 λευς
159 428 203 500 τό
218 426 306 500 ὅπλα
318 434 532 516 παραδοῦναι
550 428 628 510 τούς
640 427 781 510 ἁλόντας
794 431 955 514 κελεύσας
968 436 1025 504 καλ

56 538 187 611 παῖδας
205 539 253 612 είς
272 528 446 622 ὁμηρείαν,
466 527 526 614 ούς
540 534 714 621 ἐβούλετο,
737 531 852 621 λαβύν
872 537 927 604 ε’πλ
947 533 1025 616 τούς

53 631 280 722 Ἀντεμνάτας
299 635 426 723 έχιόρει.
461 632 642 723 γενόμενος
664 638 700 706 δὲ
720 637 777 706 καλ
803 641 861 724 τῆς
884 639 1025 708 ἐκείνων

56 736 238 825 δυνάμεως
261 740 506 827 ἐσκεδασμένης
530 745 579 808 έτι
596 737 688 810 Ικατοί
715 736 774 819 τὰς
790 737 958 827 προνομὰς
982 745 1058 830 τῆσ

55 835 140 926 παρ’
163 843 301 920 έλπίδας
325 840 438 933 έφόδφ
458 841 615 930 καθάπερ
634 844 689 912 καὶ
709 846 767 930 τῆς
784 845 948 930 προτέρας
966 846 1023 930 έγ·

55 940 184 1030 κρατῆς
195 943 253 1011 ’καλ
265 940 306 1011 τό
319 940 406 1014 αὐτὰ
421 943 500 1040 τούς
518 942 659 1025 ἁλόντας
678 945 811 1023 διαθεὶς
824 942 953 1033 ἀπῆγεν
968 944 1023 1016 ἐπ’

54 1054 156 1114 οίκου
169 1042 234 1132 τῆν
243 1045 401 1135 δύναμιν,
414 1044 510 1134 ἄγαν
523 1048 631 1117 σκῦλά
645 1075 681 1116 τε
694 1044 837 1116 ύπόττόν
851 1051 1025 1118 πεσόντων

55 1144 143 1216 κατὰ
165 1135 228 1235 τῆόι
247 1150 356 1236 μα’χην
377 1152 435 1219 καί
450 1147 631 1235 ἀκροθίνια
653 1149 816 1236 λαφύρων
832 1160 945 1236 θεοῖς,
967 1153 1024 1220 καί

57 1248 188 1328 πολλὰς
201 1247 269 1338 ἅμα
287 1250 418 1331 τούτοις
430 1260 554 1331 θυσίας
569 1251 754 1341 ἐποιῆσατο.
781 1260 970 1332 τελευταῖος
986 1253 1022 1324 δέ
1042 1271 1075 1326 10

55 1355 113 1440 τῆς
127 1359 264 1441 πομπῆς
277 1351 378 1434 αότὸς
390 1354 568 1443 ἐπορεύετο
585 1358 704 1441 ἐσθῆτι
718 1354 781 1442 μὲν
797 1351 1024 1443 ἠμφιεσμένος

57 1451 239 1542 ἁλουργεῖ,
254 1455 368 1546 δόφνη
382 1458 421 1526 δέ
433 1460 695 1547 κατεστεμμένος
707 1455 766 1537 τὰς
779 1457 884 1545 κόμας
896 1460 953 1528 καλ
965 1461 1023 1528 ἵνα

16 1578 43 1630 07
57 1556 93 1627 τό
112 1566 291 1646 βασίλειον
308 1557 435 1648 ἀξίωμα
454 1560 541 1649 σύζη
556 1566 734 1650 τεθρίππῳ
751 1559 1022 1648 παρεμβεβηκώς.

57 1656 78 1750 ῆ
94 1658 130 1730 δ’
146 1659 234 1749 ἄλλη
248 1661 392 1750 δύναμις
410 1660 502 1756 αύτῷ
521 1663 773 1752 παρηκολούθει
794 1667 903 1744 πεζόν
915 1663 1023 1732 τεκαὶ

59 1765 193 1833 ἱππέων
213 1767 443 1854 κεκοσμημένη
464 1765 547 1835 κατᾶ
573 1767 653 1854 τέλη
678 1762 781 1844 θεούς
807 1793 843 1834 τε
864 1760 1023 1853 ’ύμνοόσα
1041 1773 1073 1828 1⁶

58 1873 213 1955 πατρίοις
225 1863 329 1960 ᾠδαῖς
342 1870 399 1939 καλ
410 1866 471 1938 τόν
487 1863 636 1957 ἡγεμόνα
654 1873 863 1939 κυδαίνουσα
882 1867 1022 1958 ποιῆμα-

58 1990 111 2039 σιν
128 1967 369 2057 αὐτοσχεδίοις.
410 1976 448 2041 οί
464 1968 497 2041 δ’
513 1975 552 2042 ἐκ
565 1976 624 2061 τῆς
638 1970 765 2049 πόλεως
786 1967 1021 2060 ύπῆντωναύ·

56 2086 124 2152 τοῖς
145 2068 216 2160 ἅμα
237 2079 375 2160 γυναιξί
390 2101 427 2143 τε
447 2075 506 2143 καὶ
524 2075 655 2153 τέκνοις
670 2070 752 2161 παρ’
766 2071 867 2160 ἄμφω
885 2072 1023 2163 τὰμέρη

57 2179 112 2262 τῆς
123 2172 212 2244 ὁδοῦ
223 2180 265 2263 τῆ
285 2202 322 2245 τε
338 2185 413 2265 νίκη
427 2176 653 2265 συνηδόμενοι
668 2178 725 2245 καί
737 2174 800 2265 τῆν
814 2162 921 2265 όλλην
933 2174 1020 2246 ἅπα-

57 2300 120 2346 σαν
141 2277 397 2366 ἐνδεικνύμενοι
418 2280 686 2367 φιλοφροσύνην.
724 2273 769 2359 οἱς
790 2278 827 2349 δέ
845 2284 1023 2367 παρῆλθεν
1039 2292 1073 2345 2⁰

59 2375 78 2467 ῆ
100 2379 248 2467 δύναμις
270 2387 318 2460 είς
336 2378 400 2469 τῆν
421 2382 522 2452 πόλιν
547 2387 713 2471 κρατῆρσί
735 2409 774 2450 τε.
798 2381 1023 2467 ἐπετύγχανεν

17 2504 44 2556 οε
59 2492 142 2576 οίνφ
157 2484 375 2572 κεκραμένοις
389 2485 447 2554 καὶ
461 2488 636 2572 τραπέζαις
648 2488 776 2571 τροφῆς
793 2488 953 2562 παντοίας
965 2510 1020 2570 γε·

58 2584 217 2672 μούσαις,
244 2590 282 2653 αἳ
306 2583 396 2675 παρὰ
421 2585 488 2667 τοὶς-
509 2584 776 2673 έπιφανεστότας
804 2589 873 2655 τεόν
905 2588 1023 2655 οίκιτὸν

58 2694 206 2771 ἔκειντο,
229 2680 287 2757 ἵνα
299 2692 523 2778 ἐμφορεῖσθαι
535 2705 606 2770 τοῖς
622 2689 840 2779 βουλομένοις
852 2679 884 2775 ῆ.
924 2684 945 2777 ῆ
960 2688 1022 2775 μέν

58 2780 119 2859 οὖν
134 2789 298 2870 ἐπινίκιός
310 2818 346 2863 τε
365 2793 423 2861 καί
440 2792 684 2880 τροπαιοφόρος
704 2789 820 2880 πομπῆ
831 2791 888 2861 καὶ
902 2799 1071 2873 &vomu

59 2888 98 2979 ῆν
111 2896 255 2961 καλοῦσι
264 2889 416 2982 Ῥωμαῖοι
428 2901 612 2983 θρίαμβον,
625 2891 692 2963 ὑπό
702 2890 870 2983 Ῥωμύλου
886 2893 1021 2978 πρώτου

60 3005 309 3065 κατασταθεῖσα
319 2995 456 3085 τοιαύτη
464 3024 515 3076 τις
528 2988 587 3087 ῆν
600 3002 639 3067 έν
652 2996 690 3068 δέ
703 3002 750 3091 τῷ
763 2994 846 3067 καθ’
855 2992 941 3082 ῆμᾶς
954 3000 1020 3085 βίφ

60 3096 242 3187 πολυτελῆς
249 3100 368 3186 γέγονε
381 3100 437 3170 καὶ
447 3096 577 3185 όλαζοὶν
589 3106 638 3181 είς
651 3099 798 3171 πλούτου
811 3102 939 3185 μᾶλλον
948 3097 1020 3163 ἐπί·
1037 3090 1043 3101 ’

61 3204 163 3282 δειξιν
185 3195 364 3289 ῆδόκησιν
382 3198 500 3289 ύρετῆς
521 3202 837 3296 ἐπιτραγῳδουμένη
863 3199 920 3267 καὶ
937 3195 1020 3267 καθ’
1059 3262 1069 3285 ,

60 3298 192 3373 ἅπασαν
205 3306 303 3375 ίδέαν
317 3307 478 3393 ἐκβέβηκε
491 3304 554 3395 τῆν
565 3301 710 3393 όρχαίαν
729 3301 909 3375 εύτέλειαν.
936 3297 1018 3387 μετὰ
1036 3318 1071 3375 80

61 3405 96 3475 δὲ
113 3405 177 3495 τῆν
191 3407 330 3497 πομπῆν
346 3434 383 3477 τε
405 3408 461 3481 καί
477 3414 607 3477 θυσίαν
628 3405 716 3477 νεών
731 3400 982 3482 κατασκευάσας
1001 3398 1019 3473 ό

55 3501 215 3598 Ῥωμύλος
235 3512 293 3580 ἐπὶ
316 3515 376 3599 τῆς
395 3516 547 3601 κορυφῆς
565 3514 627 3579 τοῦ
646 3512 864 3579 Καπιτωλίου
884 3504 1017 3593 [λόφου]
