2367 3850
441 119 486 133 -·
542 87 574 152 Γ
625 123 669 134 -
969 91 1038 159 '215

52 246 267 339 γάρνόσον
288 253 569 342 προηγησαμένην
590 249 661 341 εἶχέ
678 279 728 334 τις
744 245 984 343 αἰτιάσασθαι)
1005 262 1040 328 οί

50 351 133 438 μὲν
153 354 212 422 έπῖ
228 350 291 441 τὴν
308 361 410 423 θείαν
422 353 586 443 πρόνοιαν
602 351 731 436 ἁπάσας
746 354 803 436 τὰς
816 353 1036 446 ἀνθρωπίνας

52 452 299 545 ἀναφέροντες
330 455 431 545 τύχας
464 455 549 527 αατά
578 458 678 546 χόλον
710 458 885 546 δαιμόνιον
918 466 1034 548 ἒλεχου

52 555 179 628 αὐτὸν
196 555 400 645 ἀποθανεῖν,
427 556 479 629 ὅτι
503 560 649 650 πόλεμον
676 563 830 644 ἐξέκαυσε
851 567 893 651 τῇ
910 591 1031 653 μητρο-

51 661 170 730 πόλει
192 659 274 751 πρδς
299 660 361 751 τὴν
379 659 557 732 ἀπόκτισιν
578 661 657 787 ούτε
678 669 810 734 δίκαιον
826 662 903 734 οὔτε
925 664 1065 754 ἀναχὲο

52 778 187 834 καῖον
212 769 249 834 οί
276 765 313 834 δέ
341 766 568 855 χρηματισμὸν
597 761 778 855 ἡγούμενοι
803 765 863 837 τόν
886 759 1032 857 πόλεμον

51 868 125 937 καὶ
112 865 302 968 ,μεγάλων
322 864 571 958 ἀπεστερῆσθαι
585 877 775 957 νομίζοντες
789 867 964 959 ὠφελειῶν
985 877 1032 953 είς

53 951 256 1058 ἐπιβουλὴν
272 971 329 1039 καί
343 970 478 1060 φθόνον
491 969 711 1061 ἀνθρώπινον
725 970 762 1042 τὸ
778 981 879 1099 έρχοη
891 976 1030 1063 μετέφε

54 1101 134 1161 ρον
154 1071 345 1164 αίτιύμενοι
357 1079 427 1143 τῶν
439 1071 787 1164 ἀντιπολιτευομένων
803 1074 897 1157 τινάς
917 1074 1031 1202 ἀφαηῆ

54 1176 126 1245 καὶ
141 1177 380 1263 δυσεξέλεγκτα
389 1176 749 1267 ἐξενρόνταςφάρμακα
764 1176 820 1246 δια
828 1205 958 1249 τουτων
971 1178 1030 1248 τὸν
1049 1191 1081 1251 10

55 1275 181 1368 ἄνδρα
192 1276 414 1368 ἀνῃρηκέναι·
430 1285 466 1349 οί
476 1279 513 1350 δέ
526 1275 593 1349 ἀπὸ
607 1277 714 1370 λύπης
727 1305 764 1349 τε
778 1282 833 1350 καί
847 1279 1031 1369 ἀμηχανίας

55 1379 298 1470 κρατούμενον
317 1384 459 1476 έκουσίφ
476 1382 665 1472 ’χρήσασθαι
678 1389 817 1475 τελευτῇ
833 1381 937 1454 αὐτὸν
948 1391 1029 1472 ἔφα-

15 1499 40 1550 το
56 1505 150 1570 σαν,
180 1480 297 1573 ἐπειδὴ
317 1481 448 1556 ἅπαντα
473 1483 602 1574 χαλεπά
621 1488 677 1555 καί
700 1484 809 1575 ἀπορα
829 1489 1031 1612 συνέβαινεν

58 1584 161 1680 αύτφ
184 1584 240 1656 καί
266 1583 346 1658 οὐδὲ
347 1616 369 1656 ν
396 1587 513 1678 έχύρει
539 1587 623 1659 κατὰ
645 1596 730 1659 νοῦν
749 1595 818 1658 τῶν
839 1593 876 1658 έν
902 1587 1030 1678 ἀρχαῖς,

58 1687 122 1760 ὅτε
136 1687 235 1768 είς
198 1717 238 1758 τα
251 1689 429 1779 πράγματα
444 1691 565 1785 εἰσῄει,
579 1693 900 1783 προσδοκηθέντων·
915 1689 1030 1772 τοῖςδ’
1049 1705 1081 1756 15

59 1790 163 1872 έκτὸς
175 1782 252 1862 ούσι
270 1800 383 1918 φιλίας
396 1821 432 1862 τε
446 1797 502 1863 καί
517 1800 694 1882 έχθρας”
654 1822 712 1883 της
725 1793 808 1882 πρὸς
820 1793 879 1864 τὸν
875 1816 1029 1909 στρατη

59 1894 128 1983 μὸν
152 1897 210 1965 καὶ
228 1892 294 1965 ἀπὸ
310 1893 433 1977 παντὸς
456 1926 516 1967 του
505 1902 625 1985 βελτί
625 1918 706 1967 στου
725 1883 881 1987 κρίνουσι
892 1895 930 1967 τὸ
944 1917 1029 1987 συμ-

60 1996 211 2087 βεβηκὸς
231 1996 318 2070 οὔτε
330 1995 352 2125 5
370 2008 451 2069 θεία
478 1998 677 2090 νέμεσις”
635 2028 712 2071 ουτε
733 2029 751 2070 ο
768 2028 837 2070 των
856 1997 1030 2070 ἀντιπολι-

60 2104 258 2188 πενομένων
278 2100 410 2226 φθόρος
423 2099 505 2173 οὔδ’
520 2100 542 2193 5
563 2108 632 2173 τῶν
653 2102 865 2227 πραχμρὲτων
875 2099 1029 2231 ἀπόχνω·

62 2225 117 2285 σις
130 2200 382 2293 ἀνηρηκέναι
349 2233 408 2275 τον
424 2203 533 2333 ἀνδρα
546 2204 673 2292 ἐδόκει,
696 2201 808 2275 ἀλλ”
790 2234 811 2293 η
824 2231 881 2294 της
895 2203 1030 2293 φύσεως
1046 2220 1080 2272 20

60 2301 197 2397 ἀνάγκη
224 2309 279 2377 καὶ
305 2305 343 2377 τὸ
362 2334 471 2397 χρεων
491 2335 536 2387 ως
560 2307 840 2397 ἐκπεπληρωκότα
861 2305 923 2396 την
936 2304 1030 2396 ἀφει-

64 2410 213 2499 λομένην
233 2424 371 2499 μοῖραν,
392 2401 432 2499 53
450 2407 556 2480 ἀπασι
574 2428 644 2491 τοῖς
657 2412 845 2499 γινομένοις
859 2412 1031 2495 πέπρωται

63 2529 194 2599 τυχεῖν.
221 2520 379 2594 Κλοίλιος
400 2514 463 2602 μὲν
481 2510 523 2602 55
544 2516 626 2603 πρὶν
647 2508 667 2601 5
687 2528 845 2601 γενναῖον
866 2515 1030 2594 έπιδείξα·

65 2620 154 2685 σθαί
167 2643 200 2684 τι
212 2614 368 2704 τοιαύτης
382 2620 537 2705 τελευτῆς
551 2622 686 2705 ἔτυχεν,
715 2622 762 2696 είς
777 2616 813 2685 δὲ
828 2613 886 2686 τὸν
900 2616 1031 2685 ἐκείνου

67 2716 174 2788 τόπον
187 2715 429 2790 ἀποδείκνυται
449 2718 630 2807 στρατηγὸς
648 2716 863 2808 αύτοκράτωρ
883 2714 949 2789 ἀπὸ
963 2720 1032 2786 τοῖν
1048 2740 1082 2791 νο

69 2822 125 2891 ἐπὶ
158 2823 386 2911 στρατοπέδου
411 2822 556 2900 Μέττιος
583 2824 807 2995 Φουφέττιος,
843 2820 927 2909 ἀνὴρ
954 2817 1031 2890 οὔτε

70 2920 248 3011 πολέμου
231 2922 367 3050 ηχεμών
380 2920 549 3003 [mast
508 2951 586 2995 ουτε
608 2930 640 2995 εί
640 2925 742 3049 ρήνης
761 2925 896 3014 βέβαιος
910 2921 1032 3009 φύλαξ,1

69 3023 105 3107 53
124 3019 308 3131 οὐδενὸς
286 3054 386 3153 ηττον
396 3023 570 3123 Ἀλβανοῖν
583 3027 759 3117 πρόθυμος
773 3023 821 3097 ἀν
833 3022 908 3094 κατ’
929 3020 1032 3110 ἀρχάς

70 3116 248 3218 διαστῆσαι
273 3129 331 3211 τάς
349 3128 461 3211 πόλεις
483 3132 540 3199 καὶ
560 3131 616 3201 διά
635 3136 733 3200 τοῦτο
752 3133 808 3218 τῆς
832 3125 933 3251 ἀρχῆς
950 3122 1032 3214 μετὰ

15 3232 100 3291 417
69 3261 127 3303 τον
145 3240 309 3303 Κλοιλίου
326 3232 479 3303 δάνατον
499 3231 673 3320 ἀξιωθείς,
700 3230 875 3321 έπειδὴ”
835 3258 892 3318 της
908 3226 1028 3319 ἡγεμο-
1047 3243 1082 3297 30
1137 3320 1145 3331 ⁸

69 3344 142 3416 νίας
162 3341 259 3425 ἔτυχε
277 3333 369 3407 καί”
351 3358 413 3407 οσα
426 3366 469 3426 ην
489 3339 608 3417 ἐντοῖς
627 3334 797 3425 πράγμασι
813 3336 957 3421 δυσχερῆ
974 3330 1033 3399 καί

70 3436 178 3531 ἀπορα
205 3446 382 3531 συνεῖδεν,
411 3437 524 3511 ούκέτι
551 3440 718 3527 διέμεινεν
746 3438 800 3506 ἐπὶ
821 3452 891 3517 τοῖς
918 3430 1033 3513 αὐτοῖς
