2367 3850
415 169 653 234 -F—
952 172 1013 235 213

50 339 139 419 λιος,
163 328 207 414 ὑς
220 327 396 423 Ἀλβανόν
416 332 581 424 πρότερον
601 330 858 406 ἀπεσταλκότων
873 340 920 414 είς
933 327 1011 404 Ῥό-

49 464 117 525 μην
147 434 225 516 τοὺς
255 435 451 525 αἰτήσοντας
482 442 577 520 δίκας
610 439 667 508 καὶ
693 437 778 527 μηδὲ
803 432 1012 524 ἀποκρίσεως

46 535 260 629 ήξιωμένων,
290 536 426 610 ἀπιέναι
457 537 535 620 τοὺς
556 537 735 630 Ῥωμαίους
761 540 939 610 ἐκέλευσεν
965 536 1011 622 ὥς

46 639 325 736 παραβεβηκότας
351 641 411 723 τὰς
427 636 605 732 ὁμολογίας
626 645 683 714 καὶ
707 656 869 735 προεῖπεν
895 639 1009 725 αὑτοῖς

44 743 105 813 τόν
126 741 286 834 πόλεμον.
323 741 613 836 ἀπαλλαττόμενος
637 746 676 817 δέ
701 741 720 816 6
745 751 803 835 τῆς
830 752 1042 836 πρεσβείαςε

45 842 183 936 ήγεμοὺν
195 844 290 916 τοῦτ’
306 843 449 936 ἠξίωσεν
467 845 609 920 ἀκοῦσαι
624 846 703 940 παρ’
719 846 828 920 αὑτοῦ
836 849 959 941 μόνον,
979 859 1011 922 εί

45 957 274 1047 παραβαίνειν
292 948 354 1033 τὰς
377 949 527 1034 σπονδὰς
552 948 711 1043 ὁμολογεῖ
735 951 813 1035 τοὺς
841 955 897 1024 καλ
925 979 1007 1042 προ-

45 1053 166 1143 τέρους
192 1054 393 1142 αἰτηθέντας
420 1059 516 1137 όιίιας
541 1058 598 1126 καὶ
625 1054 733 1145 μηδὲν
761 1052 1010 1145 ὑπομείναντας

13 1183 31 1233 ,ε
46 1170 161 1226 ποιεῖν
186 1161 256 1226 τοῖν
278 1150 393 1225 ὁσίων.
429 1153 693 1248 ὁμολογήσαντος
707 1157 745 1228 ὑλ
765 1163 827 1230 τοὺ
846 1165 1009 1230 Κλοιλίου

44 1256 272 1350 Μαρτόρομαι
284 1264 419 1346 τοίνυν,
434 1267 518 1351 ἔφη,
538 1260 617 1342 τοὺς
631 1257 751 1348 θεοὺς,
769 1258 828 1343 οὑς
848 1262 1006 1352 ἐποιησά·
1026 1291 1059 1342 10

45 1373 136 1450 ρεθα
155 1368 223 1432 τῶν
241 1367 401 1433 σπονδῶν
421 1361 609 1456 μάρτυρας,
632 1360 683 1435 ότι
701 1357 872 1454 Ῥωμαίοις
889 1363 931 1435 06
949 1393 1007 1436 τυ-

46 1470 142 1552 χοῦσι
160 1470 230 1535 τῶν
244 1470 386 1535 δικαίων
399 1468 574 1557 προτέροις
585 1465 677 1548 ὅσιος
689 1468 708 1538 6
721 1466 805 1538 κατὰ
818 1473 887 1538 τεόν
900 1493 1007 1558 παρα·

45 1567 182 1656 βάντων
195 1565 254 1648 τάς
266 1567 415 1650 σπονδὰς
429 1568 571 1660 πόλεμος
585 1579 694 1656 ἔσται,
709 1575 744 1641 ολ
751 1570 788 1640 δὲ
802 1570 1009 1660 πεφευγότες
1041 1619 1045 1624 -
1106 1645 1110 1654 ,

44 1675 147 1740 τοῦτο
161 1669 199 1739 τό
214 1676 348 1740 δίκαιον
367 1667 463 1761 ὑμεῖς
478 1677 568 1761 έστε,
588 1670 633 1754 τός
647 1670 732 1743 αὑτά
746 1671 787 1742 τά
803 1681 884 1764 ἔργα
900 1679 1007 1764 δηλοῖ.

45 1772 207 1863 πρότεροί
217 1801 253 1844 τε
266 1770 332 1863 γάρ
350 1778 545 1865 αἰτηθέντες
563 1774 749 1847 τὸδίκαιον
770 1772 831 1864 οὑχ
845 1772 1006 1866 ὑπέσχετε
1025 1795 1057 1848 15

44 1879 99 1947 καλ
118 1875 277 1967 πρότεροι
291 1875 350 1949 τόν
365 1877 511 1970 πόλεμον
525 1876 606 1971 ἡμῖν
619 1876 846 1972 προειρήκατε.
874 1880 1009 1971 τοιγάρ-

44 2009 92 2051 τοι
112 1979 194 2062 τοὺς
220 1977 454 2071 ἀμυνομένους
473 1980 560 2074 ὑμᾶς
582 1986 811 2074 προσδέχεσθε
837 1981 1009 2073 μετὰτῶν

45 2080 236 2154 όπλωνοὺκ
250 2092 297 2165 είς
310 2085 452 2173 μακρόν.
483 2092 589 2157 ταῦτα
603 2085 693 2178 παρὰ
708 2090 777 2157 τόν
791 2092 1008 2211 πρεσβευτῶν
1062 2086 1067 2093 ’

44 2184 263 2275 ἀφικομένων
283 2184 350 2269 είς
351 2187 504 2280 Ροόμην’
485 2187 664 2273 ακοόσαςό
683 2191 826 2275 Τύλλος,
842 2189 916 2258 τότε
930 2187 1008 2269 τοὺς

42 2285 225 2377 Ἀλβανοὺς
247 2290 426 2382 προςόγειν
447 2296 603 2365 ἐκέλευσε
629 2296 686 2366 καὶ
714 2282 847 2383 περὶ
818 2320 867 2361 ων
888 2289 1006 2391 ήκουσι
1025 2314 1059 2366 20

45 2397 169 2479 λέγειν.
205 2389 486 2483 ἀπαγγειλάντων
512 2394 544 2465 θ’
561 2394 676 2467 αὑτων
689 2394 751 2466 ὅσα
770 2414 857 2485 προσ
858 2392 1008 2477 έταξενό

45 2503 202 2577 Κλοίλιος
216 2496 323 2565 καλ
289 2525 349 2565 τον
362 2497 509 2589 πόλεμον
525 2495 803 2570 ἀπειλούντωνεί
814 2526 859 2587 μη
848 2496 1007 2582 τεύξον-

45 2627 97 2667 ται
117 2603 175 2686 τής
196 2606 310 2689 δίκης,
330 2596 412 2689 ’λέγω
432 2601 592 2692 πρότερος
605 2597 718 2689 ὑμῶν,
734 2608 816 2690 ἔφη,
836 2606 934 2671 τουτο
947 2626 1007 2670 πε-

45 2707 168 2790 ποίηκα
195 2704 253 2772 καὶ
276 2704 383 2793 μηδὲν
403 2700 582 2795 εὑρόμενος
609 2694 671 2774 οὑν
685 2707 841 2775 ἐκέλευον
867 2708 905 2775 αλ
925 2725 1011 2774 συν-

45 2808 150 2894 θῆκαι
178 2811 228 2854 **
256 2811 449 2895 [φαίνονται
475 2804 555 2895 παρ’
584 2801 681 2896 ὑμων
715 2807 878 2897 πρότερον
911 2798 1010 2877 αὗται
1027 2832 1060 2884 25

47 2908 225 3033 λελυμέναι
246 2910 303 2977 καὶ
321 2907 465 2999 μηδενός
493 2908 595 2997 λόγου
623 2906 819 2999 ήξιωμέναι·
846 2908 932 2979 όθεν
954 2906 1009 2997 δή]

47 3010 103 3079 τόν
115 3007 303 3099 ἀναγκαῖόν
324 3040 361 3083 τε
387 3015 445 3083 καὶ
465 3018 597 3084 δίκαιον
615 3009 788 3102 Ἀλβανοίς
814 3009 1009 3098 ἀναγγέλλω

15 3128 34 3181 ιε
48 3112 202 3202 πόλεμον.

122 3216 190 3286 lllL
214 3214 311 3285 Μετά
325 3214 420 3286 θλ
383 3243 441 3299 τας
461 3213 646 3343 προφάσεις
663 3215 785 3296 ταύτας
799 3212 1010 3339 παρεσκευά
1074 3252 1091 3268 ⁴

49 3317 174 3407 ζοντο’
154 3318 338 3411 αμφότεροι
350 3316 392 3389 τά
408 3318 491 3411 πρός
509 3318 569 3389 τόν
583 3319 744 3408 πόλεμον,
768 3314 809 3387 οὑ
829 3316 934 3405 μόνον
952 3313 1010 3396 τὺς
1026 3334 1061 3387 30

50 3430 174 3506 οίκείας
193 3429 449 3506 καθοπλίζοντες
466 3421 640 3511 δυυάμεις,
662 3418 747 3489 ἀλλά
766 3416 877 3489 καὶ
842 3446 900 3497 τας
921 3416 1011 3506 παρὰ
1091 3496 1096 3501 ,

50 3557 115 3603 των
127 3526 292 3619 ὑπηκόων
305 3523 579 3615 ἐπικαλούμενοι·
604 3518 648 3602 ὥς
662 3522 698 3591 δὲ
714 3517 822 3589 πάντα
835 3510 878 3609 ἦν
897 3516 1012 3597 αὐτοῖς
