2367 3850
179 114 240 173 144
527 109 766 170 -B-

85 327 95 339 .
177 269 298 344 αὐτίκα
312 266 397 360 ’περὶ
417 269 535 360 γάμων
555 273 613 342 καὶ
638 275 696 359 τῆς
717 268 801 360 πρὸς
819 283 984 356 γυναῖκας
1003 265 1176 356 ὁμιλίαςο

178 373 240 465 ἀφ’
265 365 303 464 ἦς
324 371 569 462 ἀρχεσθαι,δεί
586 371 646 442 τὸν
665 375 870 461 νομοθέτην,
898 370 1012 461 ὥσπερ
1040 373 1099 444 καί
1125 367 1144 459 ἡ

179 475 282 566 φύσις
295 473 476 567 ἁρμόττειν,
489 474 568 558 τούς
580 484 676 566 βίους
692 473 788 566 ἡμῶν
801 471 939 566 ἤρξατο,
958 481 993 545 οί
1003 475 1066 563 μὲν
1079 469 1144 544 ἀπό

177 586 248 652 τόν
272 588 408 668 θηρίων
435 579 473 648 τὸ
500 580 712 669 παράδειγμα
733 578 893 667 λαβόντες
919 576 1065 666 ἀφέτους
1090 579 1144 646 καί

146 704 164 756 ο
180 681 295 764 κοινάς
307 681 365 763 τάς
379 685 482 771 μίξεις
495 682 694 771 ἐποιήσαντο
704 687 751 776 τῷ
764 680 882 770 ἀρρενι
897 681 982 772 πρὸς
993 679 1031 750 τὸ
1041 685 1144 769 θῆλυ,

182 784 226 867 ὡς
240 790 409 874 ἐρωτικῶν
422 813 458 854 τε
478 796 623 876 οίστρων
644 784 931 874 ἐλευθερώσοντες
949 781 1029 864 τούς
1048 790 1144 871 βίους

181 892 239 960 καί
261 889 369 978 ζήλων
394 883 652 977 ἀλληλοκτόνων
683 887 894 976 ἐξελούμενοι
924 888 982 956 καὶ
1009 890 1145 956 πολλῶν

181 991 294 1063 ἀλλων
307 989 552 1074 ἀπαλλάξοντες
565 995 698 1078 κακῶν,
721 988 743 1060 ἀ
755 991 1004 1079 καταλαμβάνει
1018 989 1099 1070 τούς
1112 1015 1145 1058 τε

182 1100 292 1176 ίδίονς
305 1105 420 1174 οίκους
432 1096 490 1165 καί
503 1093 561 1176 τάς
574 1094 688 1174 πόλεις
702 1090 782 1174 ὅλας
797 1091 854 1164 διά
867 1106 1048 1181 γυναῖκας·
1064 1097 1100 1162 οί
1112 1092 1145 1160 δὲ

132 1215 166 1267 10
182 1197 304 1278 ταύτας
317 1197 380 1286 μὲν
399 1197 562 1286 ἐξήλασαν
581 1199 619 1268 ἐκ
639 1201 708 1266 τοῖν
728 1196 861 1268 πόλεων
880 1195 937 1276 τάς
957 1194 1147 1284 ἀγερώχους

182 1302 240 1371 καὶ
261 1299 444 1388 θηριώδεις
462 1307 644 1381 συνουσίας
671 1296 780 1389 ἀνδρα
800 1288 1076 1388 συναρμόσαντες
1104 1306 1146 1377 είς

183 1418 329 1525 γυναῖκα
349 1409 447 1490 μίαν,
468 1405 545 1492 περὶ
566 1409 604 1473 δε
621 1407 775 1492 φυλακῆς
794 1401 912 1491 γάμων
933 1405 990 1472 καί
1011 1393 1145 1490 σωφρο-

144 1506 288 1600 σύνης
300 1533 475 1594 γυναικων
488 1517 689 1594 νομοθετείν
703 1503 780 1576 οὔτε
796 1502 961 1594 μείζον”
920 1533 988 1576 ουτ.
984 1502 1146 1576 ’ἔλαττον

183 1606 286 1699 οὐδὲν
313 1611 549 1698 ἐπεχείρησαν,
579 1605 654 1679 ἀλλ’
685 1604 730 1689 ἀς
758 1607 930 1680 ἀδυνάτου
956 1608 1146 1731 πράγματος

134 1732 167 1784 15
183 1709 390 1800 ἀντέστησαν·
419 1718 454 1782 οί
439 1709 585 1782 W}
543 1739 622 1782 ουτε
641 1707 827 1798 ἀνεγγύους
853 1699 1063 1800 ἐκοίησαν“
1035 1733 1145 1798 ωσπερ
1173 1729 1176 1810 ρ

165 1823 268 1886 ἔνιοι
293 1841 363 1883 των
387 1814 571 1903 βαρβάρων
602 1812 660 1894 τάς
687 1810 907 1902 ἀφροδισίους
932 1819 1037 1904 μίξεις
1072 1811 1145 1884 οὔτε
1175 1825 1176 1899 λ

184 1914 321 2007 ἀφῆκαν
335 1913 449 2006 ὥσπερ
463 1916 771 2007 Λακεδαιμόνιοι
737 1946 795 1999 τας
809 1946 878 1989 των
890 1946 1067 2006 γυναικων
1080 1946 1143 2007 φν-
1157 1932 1175 1987 ελ

185 2020 305 2106 λακάς,
326 2017 412 2090 ἀλλά
430 2020 575 2103 πολλούς
594 2028 720 2093 ἔθεσαν
737 2018 791 2091 ἐτ’
809 2018 925 2103 αὐταῖς
943 2021 1069 2111 νόμους
1081 2040 1144 2091 σω·
1174 2102 1175 2105 ¹

184 2121 377 2212 φρονιστάς.
405 2126 470 2194 είσὶ
484 2121 517 2194 δ’
528 2133 564 2195 οἳ
574 2126 632 2195 καί
640 2120 752 2213 ἀρχὴν
766 2124 971 2213 κατίστησάν
983 2151 1061 2195 τινα
1075 2127 1144 2193 ἐτι·
1174 2112 1175 2182 ἶ

133 2237 168 2291 20
185 2227 414 2317 μελησομένην
428 2224 606 2315 εύκοσμίας
618 2232 809 2315 γυναικοῖν·
830 2224 872 2297 οὐ
885 2226 952 2317 μὴν
970 2225 1146 2315 ἀποχρῶσά

183 2357 224 2417 γε
241 2325 263 2419 ἡ
278 2328 421 2417 πρόνοια
434 2328 547 2400 αύτοῐν
560 2336 619 2419 τῆς
632 2330 817 2419 τηρήσεως,
834 2328 917 2401 ἀλλά
930 2332 1145 2420 μαλακωτέρα

184 2438 246 2503 τού
272 2434 405 2514 δέοντος
433 2434 648 2521 ἐγένετοκαὶ
677 2431 738 2521 ούχ
764 2433 863 2523 ίκανὴ
884 2431 945 2523 τὴν
969 2432 1014 2523 μὴ
1040 2454 1143 2503 στου·
1173 2422 1174 2457 ¹

186 2541 265 2627 δαίμ
286 2534 388 2622 φύσει
406 2538 618 2627 κεκραμένην
639 2543 687 2617 εἰς
706 2534 859 2629 ἀνάγκην
880 2542 958 2624 βίον
972 2536 1144 2625 σεόφρονος

185 2635 335 2726 ἀγαγεῖν.

134 2754 169 2805 25
257 2734 368 2811 XXV.
386 2729 422 2808 ‘O
439 2740 477 2811 δδ
487 2736 651 2829 Ῥωμύλος
665 2738 743 2812 οὔτε
763 2738 863 2828 ἀνδρὶ
883 2740 967 2811 κατά
988 2738 1143 2828 γυναικός

186 2841 377 2931 ἐγκλήματα
395 2842 476 2924 δούς
489 2840 716 2933 φθαρείσηςά
733 2842 793 2913 τόν
814 2843 909 2915 οἶκον
923 2841 984 2913 ἀδί
969 2851 1048 2922 ίκως
1063 2840 1140 2913 ἀτιο·

186 2944 349 3033 λιτούσης
366 2942 445 3015 οὔτε
467 2953 595 3039 γαμετῇ
614 2975 676 3017 κατ
682 2943 828 3036 ’ἀνδρὸς
842 2976 862 3017 α
864 2944 1078 3035 ίτιωμίνη
1035 2972 1140 3016 κακω-

186 3071 242 3120 σιν
258 3043 412 3137 ηάδικον
425 3045 605 3146 ἀτόλειηιυ
618 3048 697 3120 οὔτε
709 3052 787 3138 περὶ
801 3048 938 3137 προικὸς
956 3046 1141 3127 ἀποδόσεως

185 3180 207 3239 η
192 3146 368 3240 ’“κομιδῆς
386 3150 512 3241 νόμους
529 3140 664 3234 θείς”
623 3178 701 3226 ουτε
720 3152 801 3223 ἀλλο
817 3180 886 3223 των
905 3159 1141 3276 παραπλησίων

133 3270 170 3330 -30
185 3253 316 3340 τούτοις
334 3260 493 3344 διορίσας
518 3251 632 3328 οὐδ’
618 3259 749 3344 οτιοῦν,
778 3259 838 3327 ενα
866 3256 902 3327 δὲ
930 3254 1034 3344 νόμον
1061 3251 1139 3339 ὑπὲρ
1170 3278 1171 3310 ¹

187 3352 347 3425 ἁπάντων
365 3350 406 3428 εὖ
425 3354 606 3446 ἔχοντα,
581 3354 726 3440 ωςαύτά
738 3357 779 3431 τά
799 3366 880 3447 ἔργα
899 3358 1062 3447 ἐδήλωσε,
1084 3386 1138 3427 κα-

187 3456 431 3546 ταστησάμενος
444 3468 492 3543 είς
510 3461 739 3553 σωφροσύνην
756 3464 813 3533 καὶ
826 3459 953 3551 πολλὴν
966 3459 1138 3550 εὐκοσμίαν
