2367 3850
188 123 265 197 190.
545 145 598 160 -
650 115 678 178 Β
730 144 783 158 --

186 283 343 373 μέγιστον
356 274 414 348 ἐπ’
428 274 584 372 εὐσεβείᾳ
599 281 790 369 φρονοῦσαί
802 297 900 348 ποτε·
922 273 1028 347 αύτόν
1041 303 1078 346 τε
1090 273 1139 346 τὸν
1153 322 1156 331 1

180 383 352 475 Ῥωμύλον
371 377 417 463 ὡς
438 388 613 473 κρείττονα
634 380 819 470 γενόμενον
838 375 960 470 ἢκατά
979 378 1050 470 τὴν·
1061 390 1140 468 θνη-

185 486 249 576 τὴν
268 485 376 576 φύσιν
402 489 496 572 ίερού
516 490 707 574 κατασκευῇ
733 487 790 554 καὶ
810 491 949 566 θυσίαις
970 488 1141 572 διετησίοις

186 593 282 673 ἔταξε
293 596 447 678 Κυρῖνον
460 587 748 676 ἐπονομαζόμενον
761 594 991 676 γεραίρεσθαι.
1022 593 1072 656 ἐτι
1085 583 1140 672 γάρ

152 689 403 782 σάγνοούντωυ
434 689 495 759 τδν
526 686 721 779 άφανισμδν
747 687 853 760 αύτού
878 685 1050 777 Ῥωμαίων
1082 698 1141 756 είτε

186 793 271 865 κατά
292 798 451 882 δαίμονος
470 791 634 882 πρόνοιαν
663 789 764 862 εῖτ’ἐ
747 795 781 874 ἐξ
808 795 989 880 ἐπιβουλῆς
1009 788 1140 878 ἀνθρω-

186 903 287 985 πίνης
300 897 452 983 ἐγένετο,
474 893 659 982 παρελθόν
671 923 721 974 τις
737 893 833 975 είς
798 923 860 983 την
875 892 1002 1020 ἀγοράν
1012 891 1142 972 Ἰούλιος

86 1050 88 1054 -
186 997 292 1089 ὄνομα
312 1025 382 1067 των
404 993 467 1066 ἀπ’
487 994 665 1067 Ἀσκανίου
691 995 875 1086 γεωργικός
894 994 980 1086 άνηρ
1005 994 1121 1066 καὶ
1092 1023 1142 1064 τον
1168 1003 1169 1096 η

186 1099 297 1191 βίου’
279 1127 365 1171 ανεπ
366 1107 557 1189 ίλοηπτος,
539 1096 609 1179 οἷος
622 1095 762 1188 μηδὲυ’“
741 1129 785 1170 αν
797 1099 992 1183 ψεύσασθαι
1005 1097 1169 1188 κέρδους

136 1226 170 1278 10
187 1208 287 1277 ἕνεκα
306 1209 450 1288 οίκείου,
478 1210 543 1291 ἐφη
554 1203 843 1292 παραγιγνόμενος
857 1198 921 1286 ἐξ’
903 1230 1011 1292 αγρου
996 1197 1140 1288 Ῥωμύ-

108 1348 112 1353 ·
186 1316 246 1377 λον
267 1303 398 1378 ίδεῖν’
379 1303 522 1374 απιόντα
543 1307 580 1374 ἐκ
600 1311 658 1394 τῆς
683 1305 812 1386 πόλεως
834 1313 951 1394 ἔχοντα
982 1301 1025 1373 τά
1052 1302 1141 1387 ὅπλα,

186 1412 244 1479 καὶ
263 1406 380 1497 ἐπειδὴ
404 1405 503 1495 ἐγγύς
522 1409 654 1494 ἐγένετο
678 1405 820 1478 άιιούσαι
839 1415 943 1478 ταῦτα
964 1404 1074 1476 αὐτού
1093 1407 1138 1475 λε’-

186 1532 318 1600 γοντος·
345 1507 497 1598 Ἀγγέλλε
506 1505 678 1599 Ῥωμαίοις
692 1507 815 1581 Ἰούλιε
827 1509 868 1581 τά
882 1507 964 1600 παρ’
980 1513 1084 1598 ἐμού,
1098 1505 1141 1576 ότι
1168 1505 1169 1564 λ

186 1643 228 1705 με
247 1611 265 1685 6
285 1611 443 1702 λαχάν“
423 1641 461 1682 οτ
465 1609 662 1703 ’ἐγενόμην
682 1619 814 1702 δαίμων
834 1621 881 1694 είς
907 1610 1011 1693 θεούς
1032 1610 1141 1699 άγεται

136 1745 169 1794 15
186 1717 247 1789 τόν
265 1715 396 1805 θνητόν
416 1715 678 1804 ἐκπληρώσαντα
698 1721 882 1786 αίάνα·ί
850 1745 866 1786 ε
868 1718 918 1804 μί
935 1715 972 1786 δέ
986 1723 1163 1804 Κυρῖνοςί
1152 1629 1169 1782 6

186 1817 379 1908 περιλαβων
395 1817 433 1887 δ
452 1814 588 1888 ἅπασαν
608 1846 670 1908 την
684 1817 816 1908 περὶ
780 1846 821 1888 τα
840 1831 920 1890 θεῖα
939 1823 1169 1943 νομοθεσίαν

186 1936 332 2011 γραφαῖς
356 1927 482 1991 διεῖλεν
511 1917 595 2003 εἰς’
577 1919 664 1993 οιιτά
684 1919 866 2015 μοίρας,”
847 1944 922 1993 οσαι
947 1926 1017 1991 τεόν
1046 1924 1140 2011 ίεράν

186 2018 273 2117 ἦσαν
286 2028 323 2094 αί
339 2030 529 2115 συμμορίαι.

263 2126 389 2199 LXllss.
405 2124 575 2197 Ἀπέδωκε
589 2126 679 2216 δδμί
665 2135 722 2197 αίν
735 2126 798 2216 μὲν
814 2130 1016 2216 ίερουργιοόυ
1031 2124 1140 2195 διάτα

135 2258 169 2310 20
186 2237 239 2317 ξιν
263 2246 333 2312 τοῖς
354 2230 533 2351 τριάκοντα
563 2236 762 2317 κουρίωσιν,
791 2226 849 2309 οὓς
874 2234 961 2318 ἔφην
986 2226 1026 2297 τά
1048 2224 1140 2297 κοινά

185 2336 287 2406 θύειν
303 2330 394 2423 ύπδρ
419 2338 489 2402 τόν
502 2336 692 2430 φρατριῶν
715 2332 799 2422 ίερά.
840 2360 903 2420 την
923 2332 961 2401 δὲ
982 2332 1141 2421 δευτέραν

185 2453 255 2518 τοῖς
280 2436 498 2525 καλουμένοις
527 2432 595 2506 ὑπό
619 2434 682 2523 μὲν
705 2432 878 2523 Ἑλλήνων
907 2434 1140 2524 στεφηφόροις,

185 2538 253 2612 ύπδ
279 2540 316 2609 δὲ
332 2536 504 2628 Ῥωμαίων
523 2538 704 2627 φλάμισιν,
733 2534 792 2618 οὓς
814 2539 869 2607 ἐπὶ
891 2544 949 2627 τῆς
972 2538 1141 2625 φορήσεως

184 2647 253 2711 τεόν
266 2649 376 2711 πίλων
394 2668 430 2710 τε
444 2642 502 2711 καὶ
514 2640 728 2730 στεμμάτων,
749 2638 841 2711 άκαὶ
854 2646 918 2710 νύν
932 2647 981 2711 ἐτι
1002 2646 1139 2728 φορούσι
1153 2650 1169 2703 θ

134 2774 168 2825 25
185 2742 301 2833 φλάμα
314 2748 505 2830 καλοῦντες,
518 2741 607 2813 ούτω
622 2742 919 2835 προσαγορεύουσι.
945 2741 1007 2832 τὴν
1022 2744 1061 2812 δὲ
1074 2748 1139 2829 τρί-

184 2875 247 2936 την
273 2862 342 2927 τοῖς
366 2842 506 2935 ἡγεμόσι
527 2852 598 2916 τοῖν
630 2852 808 2935 κελερίων,
841 2840 900 2926 οὓς
924 2854 1010 2935 ἔφην
1035 2850 1140 2923 ἱππεῖς

185 2949 299 3021 τεκαὶ
324 2946 442 3033 πεζούς
466 2947 922 3039 στρατευομένουςφύλαιιας
938 2946 1140 3021 άποδείιινυ-

184 3064 268 3123 σθαι
280 3079 350 3121 των
362 3053 548 3141 βασιλέων,
569 3050 681 3121 καὶ
641 3080 708 3177 γαρ
722 3042 815 3122 οὗτοι
831 3054 1034 3141 τεταγμένας
1054 3050 1140 3131 τινάς

185 3162 374 3283 ίερουργίας
386 3156 577 3225 ἐπετέλουν.
613 3182 676 3244 την
689 3154 727 3224 δέ
741 3153 902 3245 τετάρτην
919 3170 986 3236 τοῖς
1007 3159 1138 3243 ἐξηγου-

134 3280 168 3330 30
184 3260 297 3347 με’νοις
306 3256 347 3327 τά
360 3239 567 3346 θεόπεμπτα
570 3273 691 3345 σημεῖα
705 3258 761 3327 καὶ
777 3260 945 3346 διαιροῦσι
957 3266 1063 3327 τίνων
1076 3258 1139 3327 ἐστὶ

184 3360 360 3449 μηνύματα
377 3359 615 3482 πραγμάτωνί
601 3364 671 3451 ίδίᾳ
685 3387 721 3429 τε
740 3362 797 3431 καὶ
812 3366 971 3491 δημφσίγ,
1001 3358 1063 3441 ούς
1081 3356 1136 3447 ἀφ’

185 3458 258 3541 ευδς
274 3468 392 3543 ε’ῖδους
417 3490 486 3534 των
506 3462 739 3553 θεωρημάτων
765 3490 823 3553 της
851 3464 966 3552 τέχνης
989 3458 1137 3551 Ρωμαῖοι
