2367 3850
413 73 768 174 -13-'
949 113 1009 178 ιιι

37 277 108 340 τάν
127 269 217 342 κατά
230 271 338 361 μέσην
349 269 607 362 ἀγωνιζομένων
615 270 678 363 τήν
691 271 848 360 φάλαγγα
860 273 916 344 καὶ
929 273 1008 356 τούς

36 371 343 464 ἀντιτεταγμένους
359 379 471 461 ένίκα,
492 377 675 465 βουληθείς
696 376 734 446 δὲ
755 378 812 448 καλ
829 375 871 446 τά
884 380 1006 465 κέρατα

35 483 107 546 τῶν
119 485 289 568 Σαβίνων
301 485 494 568 μοχθοῦντα
508 476 573 568 ήδη
588 480 645 549 καί
662 478 881 568 ἐξωθούμενα
902 487 949 560 είς
968 481 1005 552 τό

37 590 112 650 ίσον
126 587 351 672 καταστῆσαι,
366 575 701 673 παρακελευσάμενος
717 596 786 664 τοῖς
799 579 886 671 ἄμφ’
901 579 1005 656 αὑτόν

36 687 165 754 ἐδίωκε
189 684 270 765 τούς
296 683 483 774 φεύγοντας
511 691 582 757 τάν
607 693 778 774 πολεμίων
803 688 1039 775 έσκεδασμέ-θ

26 813 119 867 νους
148 789 329 879 καὶμέχρι
354 795 425 859 τάν
451 794 579 859 πολύν
596 786 720 868 αύτούς
744 785 887 878 ἤλασεν,
921 787 1005 864 ὥστε

35 888 245 980 ἠναγκάσθη
274 889 470 962 καταλιπόν
500 886 640 981 ήμιτελή
668 888 731 979 τήν
756 897 858 980 νίκην
885 887 1004 963 όῬω·

37 993 144 1082 μύλος
166 997 364 1084 ἐπιστρέψαι
382 996 491 1065 τεκαὶ
510 995 565 1064 sul
586 991 628 1062 τά
647 1000 797 1064 νικῶντα
814 999 885 1063 ταῖν
903 1003 1003 1066 πολε-

36 1105 126 1185 μίων
139 1093 298 1166 ὤσασθαι
310 1099 406 1187 μέρη.
432 1095 472 1167 τό
484 1097 547 1184 μὲν
560 1094 603 1186 δή
616 1096 746 1186 κάμνον
757 1102 828 1170 τοῖν
839 1103 1005 1186 Σαβίνων

38 1201 139 1288 μέρος
154 1202 194 1269 έν
207 1205 255 1293 τῷ
276 1211 340 1293 ἴση)
356 1190 517 1288 πάλινήν
535 1195 751 1290 ἀπελθούσης
761 1205 820 1290 τῆς
832 1198 915 1288 μετὰ
924 1197 1001 1270 Ῥω·
1023 1221 1055 1274 10

39 1301 150 1391 μύλου
165 1302 356 1392 δυνάμεως,
370 1300 440 1374 ὅδὲ
453 1307 614 1385 κίνδυνος
627 1300 714 1386 ἅπας
726 1306 803 1392 περὶ
816 1302 876 1375 τὸν
888 1303 1003 1392 Κούρ-

39 1433 110 1475 τιον
123 1406 185 1476 καὶ
198 1404 277 1486 τούς
294 1405 361 1476 σύν
377 1409 499 1499 ἐκείνῳ
512 1410 680 1486 νικῶντας
692 1407 854 1494 έγεγόνει.
881 1407 1004 1496 χρόνον

15 1509 101 1597 ιμὲν
120 1500 191 1578 ούν
213 1535 290 1579 τινα
302 1515 338 1581 οί
357 1516 505 1596 Σαβῖνοι
526 1508 700 1598 δεξάμενοι
726 1508 806 1590 τούς
825 1505 1004 1598 Ῥωμαίους

41 1616 202 1700 λαμπράς
226 1609 455 1700 ήγωνίσαντο,
489 1617 605 1682 ἔπειτα
631 1617 767 1682 πολλῶν
798 1609 852 1682 ἐπ’
881 1609 1004 1693 αὐτούς

41 1713 233 1784 συνιόντων
240 1716 419 1785 ἐνέκλινάν
429 1716 537 1784 τεκαὶ
550 1715 710 1798 διέσωζον
724 1712 863 1796 ἑαυτούς
876 1717 931 1784 ἐπὶ
943 1713 1003 1784 τόν
1022 1737 1054 1792 ιε

41 1816 187 1905 χάρακα,
208 1815 338 1906 πολλὴν
349 1823 412 1888 τού
424 1825 596 1907 Κουρτίου
610 1819 813 1907 παρέχοντος
824 1815 938 1898 αύτοις
956 1825 1004 1900 είς

43 1918 138 2010 τὸμὴ
156 1918 342 1991 διώκεσθαι
362 1922 618 2011 τεταραγμένοις
635 1916 721 1993 άλλά
741 1919 852 2012 βάδην
869 1917 1002 2011 άποχιι·

44 2038 113 2110 ρείν
140 2020 340 2111 άσφάλειαν.
372 2021 476 2105 αύτδς
487 2022 552 2114 γάρ
574 2026 719 2115 εἱστήκει
737 2025 922 2113 μαχόμενος
947 2027 1005 2094 καὶ

43 2122 276 2215 τόνῬωμύλον
290 2125 427 2199 ἐπιόντα
438 2130 587 2217 ἐδέχετο,
602 2134 734 2214 γίνεταί
745 2151 781 2197 τε
793 2133 862 2197 τάν
881 2122 1003 2216 ήγεμό·

43 2258 110 2299 νιιν
134 2225 251 2300 αὐτοῖν
269 2230 510 2318 συμπεσόντων
529 2226 685 2319 άλλήλοις
703 2233 805 2317 μέγας
826 2232 882 2299 καὶ
904 2227 1004 2309 καλὸς
1021 2255 1056 2307 ρο

44 2330 140 2418 άγιόν.
177 2337 308 2421 ἔξαιμος
329 2332 367 2403 δδ
386 2326 438 2403 οἶν
450 2330 516 2422 ήδη
535 2335 592 2403 καὶ
606 2330 790 2421 καταβελὴς
808 2327 826 2401 ὁ
841 2326 1006 2420 Κούρτιος

44 2431 145 2525 ύπήει
158 2433 234 2505 κατ’
250 2432 381 2523 ὀλίγον,
400 2438 458 2505 καλ
470 2432 576 2506 αὐτόν
588 2438 626 2505 ἐκ
640 2440 709 2505 τάν
721 2434 863 2505 κατόπιν
879 2429 1003 2504 ὑπεδέ-

45 2566 116 2625 χετο
139 2547 242 2628 λίμνη
267 2548 410 2627 βαθεῖα,
430 2536 476 2628 ἢν
494 2547 692 2628 περιελθεῖν
712 2537 776 2628 μὲν
795 2535 942 2627 χαλεπόν
962 2528 1006 2626 ἦν

46 2643 316 2732 περικεχυμένων
334 2641 549 2729 πανταχόθεν
561 2646 631 2712 τάν
644 2648 830 2729 πολεμίων,
852 2648 1006 2711 διελθεῖν

47 2746 82 2816 δὲ
95 2742 165 2816 ύπό
185 2772 223 2815 τε
243 2743 336 2825 ίλύος
348 2743 520 2833 πλήθους,
539 2740 584 2833 ήν
596 2742 637 2813 τά
650 2745 744 2833 πέριξ
766 2747 909 2833 τέλματα
925 2743 1005 2833 εἶχε,
1022 2762 1056 2813 ιω

46 2850 97 2917 καὶ
110 2848 243 2937 βρίθους
255 2843 378 2927 ύδατος
389 2852 451 2917 τού
464 2843 549 2916 κατά
560 2847 666 2935 μέσην
679 2844 786 2937 αὐτὴν
799 2853 1006 2929 συνεστῶτος

47 2949 183 3040 ἄπορον.
203 2949 310 3040 ταύτῃ
323 2949 508 3039 πλησιάσας
517 2955 658 3039 ἔρριψεν
671 2950 791 3025 ἑαυτὸν
805 2956 853 3031 είς
865 2949 902 3020 τό
915 2955 1006 3037 νᾶμα

48 3053 197 3135 οὖντοῖς
216 3050 350 3139 ὅπλοις,
376 3055 433 3123 καὶ
451 3049 471 3122 ό
490 3048 657 3141 Ῥωμύλος
677 3050 722 3135 ὦς
741 3050 861 3124 αὐτίκα
881 3050 922 3139 δή
944 3054 1029 3125 τοῦ.

49 3154 167 3245 άνδρός
201 3159 241 3226 έν
266 3161 308 3246 τῇ
340 3164 442 3245 λίμνη
476 3158 797 3246 διαφθαρησομένου
827 3156 905 3235 (καὶ
937 3150 1006 3241 ἅμα

49 3255 214 3329 ἀδύνατον
234 3250 375 3347 ήνκατά
389 3256 548 3348 τέλματός
565 3286 604 3329 τε
623 3256 727 3329 αὐτόν
744 3260 801 3329 καί
821 3254 869 3326 δι’
884 3252 1007 3335 ὕδατος
1024 3272 1059 3325 30

15 3374 37 3425 θ
51 3368 172 3433 πολλοῦ
186 3361 337 3447 διύκειν)
357 3362 413 3432 ἐπὶ
424 3359 503 3441 τούς
516 3359 639 3441 ἄλλους
651 3365 823 3446 Σαβίνους
836 3360 1006 3443 τρέπεται·

51 3461 114 3536 ὁδὶ
126 3464 293 3555 Κούρτιος
306 3463 415 3537 πολλά
428 3463 601 3556 μοχθήσας
613 3461 677 3531 σύν
691 3459 801 3553 χρόνῳ
817 3460 956 3545 σώζεταί
971 3486 1008 3530 τε
