2367 3850
193 99 253 162 192
554 93 790 154 -B—

190 265 250 348 τῆς
268 258 348 349 περὶ
365 253 407 326 τά
419 266 500 326 θεία
512 262 651 343 σοφίας,
677 254 718 326 τά
734 258 771 331 δὲ
794 254 879 328 κατά
901 257 1001 345 μέρος
1018 252 1102 345 ὑπέρ
1114 282 1142 324 τε

191 369 250 452 τῆς
265 364 473 447 κατασκευῆς
493 363 555 428 τού
568 362 634 430 νύν
654 355 750 440 όντος
770 366 863 450 ίιροῦ
884 360 942 428 καὶ
961 363 1030 428 τάν
1048 369 1171 444 θερα

192 485 372 536 πευουσων
400 458 463 551 τὴν
486 460 572 532 θεὸν
597 459 834 562 παρθένων’
816 461 1029 552 ημνοηκὲναι.
1076 459 1143 530 ούτε

193 567 258 657 γάρ
277 565 314 635 τό
335 571 459 653 χωρίον
478 569 577 634 τοῦτο
600 555 685 635 ἐν
658 595 684 659 ῳ
697 593 735 636 το
723 563 841 656 ίερὸν
865 562 1068 653 φυλάττεται
1086 569 1144 648 πῦρ

159 668 352 758 5Ρωμύλος
373 660 416 757 ἦν
437 663 681 757 όκαθιεράσας
701 673 742 760 τῇ
764 674 835 763 θεῷ
858 671 956 756 (μέγα
979 667 1016 736 δὲ
1034 667 1144 736 τούτου

193 772 372 861 τεκμήριον
398 768 449 841 ὅτι
480 775 537 859 τῆς
563 798 776 862 τετράγωνον
803 771 1013 858 καλουμένης
1033 763 1172 858 Ρεόμης
1171 811 1172 846 ³

193 873 238 966 ἣν
259 879 386 954 ἐκεῖνος
411 877 572 961 ἐτείχισεν
598 874 691 954 ἐκτός
717 877 824 960 ε’στιν,
855 877 962 954 ἑστίας
984 872 1022 950 δὲ
1044 875 1172 960 κοινηςλλ

195 976 288 1067 ἱερόν
302 980 339 1049 ἑν
353 979 402 1069 ’τῷ
421 985 586 1070 κρατίστῳ
602 977 744 1066 μάλιστα
760 976 1005 1064 καθιδρύονται
1026 981 1083 1064 τῆς
1095 974 1143 1044 πό-

195 1090 279 1162 λεως
293 1077 456 1165 ἅπαντες,
482 1082 545 1161 ἔξω
560 1080 598 1149 δὲ
620 1085 680 1150 τοῦ
700 1085 829 1169 τείχους
846 1073 974 1173 οὐθείς)
1002 1076 1081 1150 ούτε
1101 1075 1145 1146 διά

147 1199 179 1250 10
197 1185 381 1272 παρθένων
406 1181 465 1264 τάς
490 1189 675 1271 θεραπείας
695 1182 916 1274 κατεστήσατο
936 1186 979 1271 τῇ
999 1187 1073 1276 θεῷ
1097 1208 1145 1270 με·
1172 1249 1173 1256 ,

196 1287 364 1376 μνημίνος
391 1281 436 1364 ὥς
461 1288 534 1373 ἐμοὶ
555 1291 652 1356 δοκεῖ
671 1291 735 1356 τοῦ
755 1288 833 1373 περὶ
858 1283 919 1373 τὴν
946 1285 1074 1374 μητέρα
1091 1283 1144 1354 πά·
1170 1295 1173 1354 λ

196 1399 301 1475 θους,
319 1379 343 1476 ᾖ
361 1389 488 1476 συνέβη
508 1387 745 1478 θεραπευούσῃ
759 1387 821 1478 τὴν
839 1385 924 1458 θεὸν
944 1385 1005 1478 τὴν
1027 1398 1145 1476 παρθε-

181 1498 276 1562 νίαν
297 1487 499 1578 άποβαλείν,
526 1486 570 1570 άς
589 1489 650 1579 ούχ
672 1489 786 1574 ἱκανός
807 1491 978 1580 ἐσόμενος,
1004 1490 1064 1560 ἐάν
1082 1516 1147 1560 τινα

197 1598 266 1664 τεόν
285 1592 472 1682 θυηπόλων
494 1589 868 1683 εύρηθιεφθαρμὲνην,
889 1591 973 1664 κατὰ
995 1591 1074 1675 τούς
1093 1619 1145 1661 πα·
1173 1667 1174 1676 χ

149 1715 181 1766 15
198 1703 312 1786 τρίους
335 1695 591 1783 τιμωρήσασθαι
623 1696 744 1785 νόμους
770 1695 826 1766 διὰ
846 1695 908 1786 τὴν
926 1697 980 1767 ἐπὶ
1006 1711 1079 1776 ταῖς
1105 1699 1146 1764 οί-
1173 1705 1174 1710 ’

198 1807 303 1878 κείαις
313 1813 502 1886 συμφοραῖς
511 1796 711 1888 ἀνάμνησιν.
736 1799 791 1870 διά
803 1799 978 1888 ταῦταμὲν
990 1798 1031 1888 δὴ
1044 1795 1147 1868 κοινόν

199 1898 291 1991 ίερόν
319 1897 361 1969 ού
393 1902 660 1973 κατεσκευάσατο
682 1907 739 1993 της
763 1899 893 1986 Ἑστίας
924 1898 1005 1973 οὐδὲ
1037 1906 1147 1992 ἱερείας

199 2008 314 2087 ἔταξεν
329 1999 415 2095 αὐτῇ
428 2008 638 2092 παρθένους,
660 2008 698 2077 ἑν
713 2006 833 2095 ἑκάστη
848 2007 886 2077 δὲ
899 2011 967 2075 τῶν
982 1998 1147 2095 τριάκοντα

200 2112 361 2197 φρατρῶν
380 2107 604 2196 ἱδρυσάμενος
626 2111 756 2195 ἑστίαν,
778 2107 841 2197 ίφ’-
851 2100 889 2198 ἧς
904 2117 1011 2179 ἔθυον
1024 2114 1060 2179 οί
1070 2135 1145 2196 φρα-

149 2233 183 2287 εο
200 2227 320 2300 τριεῑς,
346 2209 542 2337 θυηπόλους
555 2208 669 2281 αὐτῶν
689 2214 825 2300 ἐποίησε
839 2209 917 2293 τούς
930 2216 998 2281 τεόν
1012 2215 1147 2298 κουριῶν

199 2311 377 2403 ηχεμόυας
378 2312 417 2382 τά
430 2311 512 2403 παρ’
527 2311 686 2403 Ἕλλησιν
700 2322 763 2405 ἔθη
778 2314 1020 2423 μιμησάμενος,
1036 2310 1058 2383 ά
1070 2309 1148 2400 παρὰ

199 2431 272 2497 ταῖς
284 2413 513 2503 ἀρχαιοτάταις
526 2422 595 2486 των
607 2417 772 2488 πόλεων”
754 2446 801 2487 ετι
816 2426 977 2505 γίγνεται.
1005 2416 1046 2487 τά
1059 2419 1096 2505 γε’
1106 2442 1148 2483 τοι

199 2518 390 2607 καλούμενα
404 2536 590 2608 πρυτανεία
604 2516 685 2606 παρ’
699 2517 813 2600 αύτοίς
821 2517 950 2599 Ἑστίας
971 2522 1062 2591 ἐστὶν
1077 2518 1147 2608 λερά,

199 2624 258 2691 καλ
276 2620 503 2708 θεραπεύεται
522 2620 605 2712 πρὸς
628 2628 696 2693 τῶν
722 2622 868 2711 ἑχόντων
888 2650 925 2693 το
913 2620 1100 2711 μέγιστον
1117 2624 1175 2691 ἑνλ

149 2746 184 2799 25
200 2738 276 2803 ταῖς
284 2722 400 2791 πόλεσι
414 2724 541 2811 κράτος.

279 2824 398 2895 LXVI.
428 2826 546 2914 Νόμας
560 2825 598 2895 θὲ
611 2824 672 2915 τὴν
691 2822 798 2914 άρχὴν
811 2823 1017 2915 παραλαβάν
1030 2823 1086 2906 τάς
1098 2823 1149 2913 μὲν

109 2936 114 2946 ’
203 2933 291 3009 ίόίας
309 2925 371 2997 ούκ
391 2931 524 3018 ἐκίνησε
543 2934 612 2999 τῶν
633 2934 807 3020 φρατριῶν
828 2932 953 3014 ἑστίας,
984 2927 1100 3017 κοινὴν
1119 2926 1149 2994 δὲ

202 3031 425 3120 κατεστήσατο
450 3038 586 3101 πάντων
606 3041 687 3121 μίαν
706 3036 744 3103 ἑν
765 3036 811 3126 τηὶ
830 3030 954 3120 μεταξύ
966 3038 1027 3103 τοῦ
1040 3058 1076 3101 τε
1089 3039 1147 3101 Κα-

203 3141 366 3205 πιτωλίου
386 3136 442 3207 καὶ
462 3163 522 3206 του
509 3139 715 3205 Παλατίου
735 3143 864 3229 χωρίῳ,
891 3132 1147 3225 συμπεπολισμέ-

153 3259 187 3313 εο
203 3265 274 3307 νων
293 3235 418 3357 ηδη
372 3266 440 3308 των
453 3237 570 3327 λόφων
589 3239 640 3307 ἑνὶ
659 3237 828 3335 περιβόληι
842 3266 898 3311 και
887 3236 1055 3329 μὲσης’
1035 3250 1149 3328 αμφοιν

204 3336 306 3426 ούσης
320 3368 377 3428 της
389 3338 529 3429 άχοροῖς,
547 3331 621 3427 ἑνη
634 3342 895 3413 κατεσκεύασται
910 3370 947 3411 το
935 3339 1074 3429 ἱερόν,
1100 3367 1149 3428 την

204 3465 241 3507 τε
257 3440 414 3530 φυλακην
435 3448 504 3513 ταῖν
522 3446 623 3531 ίεροῐν
639 3441 723 3513 κατὰ
742 3443 803 3515 τόν
822 3442 964 3535 πάτριον
977 3470 1046 3515 των
1059 3448 1147 3516 Λατί-
