2367 3850
188 59 773 166 1961-13-

190 264 330 336 ἀσκοῦσι
343 270 562 354 φιλοσοφίας,
591 273 623 337 εί
636 264 678 356 δὴ
693 269 749 336 καί
764 274 964 356 φιλοσοφίας
978 262 1085 345 αύτάς
1099 269 1145 334 δεῖ

191 378 327 456 καλεῖν,
363 363 493 449 ἁπάσας
519 369 736 459 διασύροντες
767 369 826 451 τάς
852 375 1055 458 ἐπιφανείας
1083 372 1143 437 τῶν

193 478 287 544 θεῶν
307 471 363 553 τάς
383 469 463 560 παρ’
485 468 644 563 Ἕλλησιν
659 469 680 562 ἢ
696 474 877 564 βαρβάροις
896 477 1083 562 γενομένας
1096 473 1143 540 καί

194 575 315 657 ταύτας
328 579 375 656 είς
387 579 516 664 γέλωτα
531 576 640 647 πολύν
657 573 774 660 άξουσι
788 576 845 658 τάς
866 584 1012 668 ἱστορίας
1035 573 1115 658 άλαζ
1130 617 1141 628 -

160 687 301 760 ῖνείαις
319 676 550 767 ἀνθρωπίναις
575 678 678 761 αύτάς
704 676 937 766 ἀνατιθέντες,
965 677 1010 761 ῶς
1035 669 1142 749 ούδενλ

194 788 287 854 θεῶν
306 785 406 872 μέλον
425 780 619 878 ἀνθρώπων
637 781 786 866 οὐδενός.
820 782 891 855 ὅσοι
917 781 951 854 δ’
974 781 1040 853 ούκ
1067 779 1141 852 άπο·

195 886 313 956 λύουσι
324 892 381 975 τῆς
393 883 611 976 ἀνθρωπίνης
626 890 813 977 ἐπιμελείας
830 887 906 968 τούς
919 885 1043 972 θεούς,
1065 883 1143 956 ἀλλά

194 992 250 1059 καὶ
270 1005 338 1071 τοῖς
358 987 500 1078 ἀγαθοῖς
522 987 673 1079 εὐμενεῖς
700 991 787 1063 εἶναι
807 998 976 1080 νομίζουσι
999 991 1056 1059 καὶ
1082 1004 1143 1067 τοῖς

194 1109 307 1174 κακοῖς
333 1098 527 1182 δυσμενεῖς,
553 1091 608 1163 διά
631 1102 755 1184 πολλῆς
777 1094 976 1184 ἐληλυθότες
1001 1099 1143 1181 ἱστορίας

143 1194 273 1268 10ούδέ
289 1197 410 1277 ταύτας
428 1194 656 1286 ὑπολήψονται
672 1197 729 1279 τάς
743 1202 939 1287 ἐπιφανείας
960 1196 1048 1266 εἶναι
1070 1193 1141 1265 άπί·

194 1305 301 1381 στοας.
341 1303 471 1387 λέγεται
500 1301 640 1390 δήποτε
661 1306 722 1371 τοῦ
745 1300 850 1392 πυρὸς
877 1300 1070 1379 ἐκλιπόντος
1097 1295 1138 1368 δι’

194 1401 375 1493 ὀλιγωρίαν
389 1403 465 1474 τινά
477 1410 535 1490 τῆς
555 1403 629 1473 τότε
643 1402 724 1475 αύτό
744 1404 975 1493 φυλαττούσης
989 1409 1147 1492 Αἰμιλίας

195 1511 290 1601 ἐτέρηι
312 1509 471 1601 παρθένῳ
490 1511 694 1578 τῶν-νεωστὶ
713 1509 977 1597 κατειλεγμένων
999 1509 1055 1578 καὶ
1068 1505 1136 1594 άρτι

162 1619 165 1632 “
193 1615 445 1702 μανθανουσῶν
470 1611 685 1701 παραδούσης
716 1610 778 1700 τὴν
805 1613 997 1701 ἐπιμέλειαν
1023 1607 1141 1700 ταραχὴ

146 1733 178 1785 15
195 1712 300 1804 πολλὴ
324 1716 484 1803 γενέσθαι
511 1713 594 1783 κατά
619 1713 681 1804 τὴν
706 1713 806 1784 πόλιν
820 1712 912 1804 όλην
937 1716 994 1784 καὶ
1018 1713 1139 1802 ζήτησις

195 1814 261 1886 ύπό
273 1822 342 1886 τῶν
362 1821 588 1906 ἱεροφαντῶν,
609 1818 699 1908 μήτι
719 1827 845 1908 μίασμα
858 1818 935 1908 περὶ
948 1815 986 1887 τό
1004 1823 1070 1907 πῦρ
1087 1820 1138 1904 τῆς

196 1928 317 2009 ίερείας
340 1920 498 2009 ἐτύγχανε
518 1921 671 2011 γεγονός·
698 1929 784 1993 ἔνθα
806 1921 847 2012 δή
867 1944 950 2011 φασι
971 1917 1034 2011 τὴν
1047 1927 1135 2009 Αίμι-

195 2030 272 2094 λίαν
297 2021 449 2094 ἀναίτιον
468 2025 530 2114 μέν
551 2016 674 2114 οὖσαν,
703 2024 937 2119 ἀπορουμένην
962 2022 995 2094 δ’
1019 2027 1072 2096 ἐπὶ
1092 2027 1136 2113 τῷ

195 2127 421 2217 συμβεβηκότι
446 2127 622 2217 παρόντων
642 2134 711 2198 τῶν
731 2132 849 2219 λερέων
872 2130 1016 2198 καὶτῶν
1036 2125 1135 2197 ἀλλων

144 2253 178 2304 20
196 2233 378 2321 παρθένων
395 2230 454 2311 τάς
471 2247 583 2319 χεῖρας
605 2233 658 2301 ἐπὶ
679 2231 737 2303 τόν
751 2230 866 2321 βωμόν
880 2238 1075 2303 ἐκτείνασαν
1094 2236 1133 2298 εί-

195 2351 288 2405 πεῖν·
324 2332 435 2404 Ἐστία
460 2341 516 2423 τῆς
531 2331 699 2424 Ῥωμαίων
726 2335 853 2416 πόλεως
877 2334 1002 2424 φύλαξ,
1034 2341 1064 2403 εί
1082 2333 1135 2420 μέν

194 2436 292 2519 ὁσίως
306 2440 362 2508 καὶ
372 2444 509 2519 δικαίως
523 2439 731 2509 ἐπιτετέλεκά
741 2460 792 2509 σοι
800 2438 839 2508 τά
856 2437 928 2527 ίερά
942 2437 1063 2527 χρόνον
1075 2434 1133 2505 όλί·

195 2571 244 2634 γφ
262 2546 380 2612 δέοντα
402 2548 676 2633 τριακονταετοῦς
696 2544 752 2613 καί
764 2539 877 2633 ψυχάν
897 2549 1018 2630 ἔχουσα
1038 2550 1133 2609 καθα-

196 2644 260 2730 ράν
273 2647 329 2714 καὶ
351 2649 445 2733 σῶμα
465 2642 587 2734 άγνδν,
611 2646 801 2735 ἐπιφάνηθί
818 2675 874 2735 μοι
896 2646 952 2715 καί
973 2643 1134 2735 βοήθησον

144 2763 177 2813 25
195 2748 250 2816 καὶ
268 2744 313 2834 μὴ
335 2754 486 2836 περιίδῃς
504 2746 567 2837 τὴν
588 2749 731 2837 σεαυτῆς
752 2753 875 2839 ίέρειαν
894 2748 954 2820 τόν
979 2756 1132 2818 οἴκτιστον

192 2849 299 2938 μόρον
312 2847 569 2921 ἀποθανοῦσαν·
599 2858 631 2921 εί
645 2853 681 2923 δὲ
696 2850 833 2922 ἀνόσιόν
847 2881 878 2921 τι
890 2856 1077 2941 πέπρακταί
1086 2875 1131 2939 μοι

194 2970 266 3035 ταῖς
287 2956 379 3040 ἐμαῖς
393 2953 565 3041 τιμωρίαις
584 2954 620 3024 τό
634 2962 692 3045 τῆς
705 2954 833 3036 πόλεως
847 2953 926 3042 άγος
945 2952 1130 3043 ἀφάγνισον.

195 3054 289 3127 ταῦτ’
313 3062 475 3125 εἰποῦσαν
494 3059 549 3127 καὶ
564 3059 812 3149 περιρρήξασαν
833 3054 898 3128 ἀπὸ
912 3062 969 3148 τῆς
982 3063 1129 3147 καρπασί-

194 3189 254 3248 νης
280 3164 437 3249 ἐσθῆτος,
470 3156 513 3248 ἢν
540 3167 658 3249 ἔτυχεν
691 3166 909 3248 ἐνδεδυκυῖα,
944 3170 1060 3252 βαλεῖν
1083 3157 1130 3227 τόν

145 3281 178 3330 30
196 3268 368 3349 τελαμῶνα
383 3264 436 3332 ἐπὶ
450 3260 509 3331 τόν
522 3262 637 3353 βωμόν
650 3264 732 3353 μετά
745 3264 808 3355 τὴν
823 3262 923 3354 εὐχὴν
941 3267 1073 3353 λέγουσι
1086 3262 1129 3331 καὶ

195 3367 231 3430 ἐκ
244 3370 301 3450 τῆς
315 3370 566 3455 κατεψυγμένης
582 3366 647 3459 πρό
667 3374 794 3439 πολλού
807 3370 863 3437 καὶ
883 3365 1007 3438 ούδένα
1019 3374 1129 3456 φυλατ-

194 3463 312 3551 τούσης
332 3473 505 3559 σπινθῆρα
530 3471 654 3562 τέφρας
674 3468 866 3560 ἀναλάμψαι
886 3470 995 3560 φλόγα
1018 3462 1129 3555 πολλὴν
1143 3488 1169 3542 38

459 3750 479 3821 ί
