2367 3850
399 181 635 253 -Γ-
881 181 999 269 Ιιον

35 341 177 432 ὁμήρων
192 357 324 430 κατεῖχε
336 341 442 436 λόγῳ,
464 343 619 434 ψήφισμα
627 339 809 428 ιποιοῦνται
820 339 929 423 πόσας
941 341 1001 424 τάς

33 452 107 514 τῶν
125 449 310 534 Τυρρηνῶν
329 445 443 526 πόλεις
463 452 560 535 κοινῆ
574 445 634 516 τόν
644 441 917 534 κατάῬωμαίων
936 446 999 514 πό·

35 558 144 637 λεμον
163 549 336 637 ἐκφέρειν,
357 548 418 637 τήν
432 549 469 618 δέ
482 547 526 638 μή
541 551 746 637 μετέχουσαν
756 553 814 636 τῆς
825 554 1000 634 στρατείας

35 656 227 720 ἔκσπονδον
249 650 346 721 εἶναι.
388 649 483 720 ταῦτ’
506 649 773 739 ἐπικυρώσαντες
799 653 916 737 ἐξῆγον
940 648 1000 731 τάς

35 753 200 841 δυνάμεις
214 755 272 822 καὶ
292 753 469 842 διαβάντες
487 751 547 822 τὸν
564 755 705 841 Τέβεριν
723 750 830 840 ἀγχοῦ
851 751 1001 842 Φιδήνης
1016 771 1034 824 δ

33 861 191 925 τίθενται
209 854 250 924 τά
271 853 368 928 ὅπλα.
406 856 582 944 γενόμενοι
602 856 640 924 δέ
653 861 711 942 τῆς
729 855 857 936 πόλεως
879 855 1006 944 ταύτης

35 959 211 1046 ἐγκρατεῖς
218 956 277 1035 διά
284 963 464 1047 προδοσίας
475 956 728 1050 στασιασάντων
741 955 826 1045 πρὸς
835 955 1001 1046 ἀλλήλους

34 1065 107 1128 των
128 1063 165 1129 ἐν
176 1058 264 1149 αύτῆ
293 1061 350 1130 καὶ
363 1060 469 1131 πολλά
482 1062 544 1149 μὲν
559 1059 696 1148 σώματα
715 1059 893 1148 λαβόντες,
916 1067 999 1128 πολ·

35 1159 102 1250 λῆν
137 1161 174 1230 δὲ
201 1169 296 1232 λείαν
312 1167 361 1246 ,ἐκ
386 1169 444 1253 τῆς
465 1159 647 1251 Ῥωμαίων
671 1191 784 1250 χωρας
803 1161 1001 1242 ἐλαύνοντες

35 1262 196 1354 ἀπῆλθον
217 1262 273 1334 ἐπ’
286 1274 402 1351 οίκου,
425 1264 580 1354 φρουρὰν
595 1268 633 1334 ἐν
652 1273 693 1354 τῇ
710 1263 842 1353 Φιδήνη
864 1271 998 1333 καταλι·
1018 1282 1051 1338 10

37 1367 160 1446 πάντες
185 1363 395 1456 ἀποχρῶσαν.
431 1366 517 1456 αὕτη
536 1364 654 1456 ’γάρῆ
679 1367 775 1446 πόλις
799 1364 1001 1454 ὁρμητήριον

36 1465 154 1548 αὐτοῖς
173 1474 311 1539 ἔσεσθαι
330 1467 632 1556 κράτιστονέδόκει
650 1475 712 1538 τοῦ
723 1466 808 1537 κατὰ
822 1464 1001 1557 Ῥωμαίων

37 1573 198 1658 πολέμου.
232 1570 389 1659 βασιλεὺς
417 1573 455 1642 δὲ
481 1571 667 1661 Ταρκύνιος
693 1578 741 1652 είς
764 1568 906 1639 τούπιόν
929 1576 1002 1650 ἔτος

32 1670 215 1760 Ῥωμαίους
235 1700 271 1742 τε
294 1673 489 1762 σύμπαντας
517 1681 727 1753 καθοπλίσας
745 1675 802 1742 καὶ
825 1669 915 1759 παρὰ
933 1675 1002 1741 τῶν

38 1773 226 1864 συμμάχων
247 1773 346 1855 ὅσους
360 1776 501 1846 ἐδύνατο
513 1783 694 1855 πλείστους
706 1773 913 1862 παραλαβών
925 1776 998 1862 ἐξῆ·
1019 1799 1051 1851 15

5 1895 100 1965 λιγεν
116 1878 174 1947 ἐπὶ
187 1875 265 1959 τούς
278 1885 456 1967 πολεμίους
477 1885 573 1969 ἐαρυς
592 1877 799 1968 ἀρχομένου,
817 1878 899 1966 πρὶν
913 1880 999 1947 ἐκεί·

39 2008 121 2060 νους
141 1983 372 2067 συναχθέντας
393 1986 431 2065 ἐξ
440 1979 581 2077 ἀπασῶν
594 1988 664 2051 τῶν
677 1981 810 2051 πόλεων
828 1978 880 2063 ἐπ’
895 1977 1002 2063 αύτδν

40 2080 84 2164 ὦς
99 2082 266 2170 πρότερον
285 2087 415 2155 ἐλθεῖν·
431 2086 488 2157 καὶ
507 2083 630 2154 διελόν
647 2089 695 2162 είς
706 2082 772 2151 δύο
784 2088 901 2170 μοίρας
910 2079 1000 2151 ἀπα-

40 2206 105 2255 σοιν
124 2183 188 2273 τήν
208 2185 352 2273 δύναμιν
373 2194 429 2275 τῆς
442 2188 505 2276 μὲν
522 2184 712 2275 Ῥωμαϊκῆς
728 2190 888 2272 στρατιᾶς
902 2180 1003 2263 αύτός

39 2285 225 2377 ἡγούμενος
239 2290 294 2357 ε’πλ
307 2287 364 2368 τάς
378 2290 490 2370 πόλεις
504 2296 575 2359 τοῖν
592 2293 779 2376 Τυρρηνόν
792 2286 1001 2376 ἐστράτευσε,
1019 2301 1053 2353 νο

40 2396 97 2477 τῆς
116 2390 156 2459 δέ
175 2395 396 2479 συμμαχικῆς,
424 2394 462 2461 ἐν
487 2382 510 2481 ῆ
531 2390 568 2461 τὸ
583 2400 740 2461 πλείστου
751 2391 856 2475 ’μέρος
868 2380 920 2476 ῆν
933 2390 1003 2457 των

40 2498 217 2577 Λατίνων,
242 2490 393 2581 Ἠγέριον
418 2491 478 2563 τόν
495 2496 618 2563 ἕαυτού
643 2497 791 2579 συγγενῆ
816 2486 1004 2577 στρατηγόν

40 2593 220 2677 ἀποδείξας
250 2598 306 2664 ἐπὶ
326 2593 403 2676 τούς
425 2598 463 2665 ἐν
486 2596 619 2684 Φιδήνῃ
647 2602 827 2681 πολεμίους
846 2594 1003 2663 ἐκέλευσε

41 2710 190 2787 χωρεῖνλ·
216 2692 314 2785 ῆμέυ
333 2688 397 2767 οὖν
410 2697 600 2787 συμμαχικὴ
619 2705 762 2784 πλησίον
781 2700 840 2783 τῆς
854 2694 1005 2783 Φιδήνης

40 2799 102 2871 τὸν
126 2798 255 2887 χάρακα
280 2796 343 2869 ούκ
370 2802 408 2869 ἐν
429 2798 574 2888 ἀσφαλεῖ
595 2806 707 2890 χωρίῳ
732 2802 860 2887 θεμένη
882 2796 939 2868 διὰ
964 2794 1004 2876 τὰ
1020 2814 1054 2865 25
1088 2865 1112 2894 Ι,

42 2915 272 2988 καταφρονεῖν
302 2906 372 2971 των
397 2909 566 2991 πολεμίων
594 2900 713 2989 ὀλίγον
748 2900 839 2981 τινός
866 2902 1005 2987 ἐδέησεν

41 3001 157 3073 ἅπασα
187 3009 434 3092 διαφθαρῆναι·
470 2994 504 3073 ολ
527 3001 591 3092 γὰρ
619 3006 657 3073 ἐν
681 3007 724 3093 τῆ
742 3005 840 3073 πόλει
860 3001 1006 3091 φρουροὶ

42 3105 210 3195 βοήθειαν
223 3107 339 3192 ἑτέραν
354 3104 445 3192 παρὰ
462 3111 649 3194 Τυρρηνῶν
661 3105 777 3194 κρύφα
789 3101 1005 3192 μεταπεμψό-

43 3236 141 3297 μενοι
161 3209 217 3275 καλ
239 3208 446 3295 φυλάξαντες
467 3206 587 3298 καιρὸν
602 3209 792 3296 ἐπιτήδειον
805 3202 1006 3288 ’ἐξελθόντες

44 3315 82 3379 ἐκ
104 3314 163 3397 τῆς
182 3308 310 3389 πόλεως
324 3310 382 3379 τόν
406 3336 442 3377 τε
461 3310 588 3397 χάρακα
609 3314 678 3379 τόν
696 3316 869 3395 πολεμίων
882 3315 1005 3394 ἔλαβον
1022 3324 1057 3377 30

45 3416 79 3495 ἐξ
101 3412 229 3498 ἐφόδου
250 3413 389 3499 φαύλως
408 3412 662 3501 φυλαττόμενον
681 3414 737 3492 καὶ
757 3416 827 3479 τῶν
846 3414 1003 3496 ἐξεληλν·

44 3512 161 3585 θότων
182 3516 237 3585 ἐπὶ
258 3512 316 3595 τάς
334 3512 504 3602 προνομῆς
522 3512 631 3583 πολύν
661 3511 859 3599 εἰργάσαντο
885 3510 1004 3599 φόνον.
