2367 3850
166 115 230 184 256
528 117 755 178 -B—

165 278 210 362 οός
236 285 341 370 έμοθε
358 280 415 348 καὶ
440 277 499 350 τόν
516 276 680 368 Ἀλβανδν
692 281 844 350 Μέττιον
858 280 1072 367 Φουφέττιον
1093 282 1128 348 ἐν

164 399 244 464 τοῖς
253 385 538 471 συνομοσαμένοις
555 379 767 472 ὑπάρχοντα,
790 382 887 466 δόξας
906 381 1122 474 συνᾴδειν
1088 411 1126 450 τα

166 481 386 575 πραχθέντα
367 511 414 554 υπ
430 485 535 554 αὐτοῦ
548 501 617 566 τοῖς
626 481 878 574 μηνυομένοις
859 513 926 554 υπο
913 484 1124 572 τοιναλχμα
1174 506 1177 615 6

166 591 284 660 λαότοιυ
306 585 509 676 ἄναβάςέπὶ
472 586 584 658 πτδν
607 595 713 661 ἵππον
729 589 788 658 καί
812 587 891 668 τούς
910 587 1124 666 πιστοτάτους
1175 593 1177 697 6

132 711 149 762 ο
165 699 235 764 τόν
249 696 321 762 ἕταί
320 719 390 780 ρων
405 689 612 812 παραλαβών
634 688 717 811 πρδς
735 688 798 778 τὴν
813 688 946 760 πόλιν’
925 671 1123 778 αςόιππεόει

166 799 222 866 καὶ
236 793 300 882 πρό
315 795 426 881 μέσον
439 797 574 864 νυκτῶν
589 796 686 862 ἐκ
640 821 709 860 των
722 821 739 863 ο
741 799 839 864 ίιιιιόν
852 792 931 873 τοδς
945 791 1126 881 βουλευτὰς

167 895 433 985 συγκαλέσας
393 923 455 984 την
480 922 517 964 τε
536 901 722 985 προδοσίαν
740 893 854 975 πότοις
877 899 967 984 λέγει
993 894 1054 1020 την
1069 900 1126 963 τοῦ

164 1000 329 1088 Ἀλβανοό
349 997 518 1088 μάρτυρας
537 996 615 1075 τοὺς
631 997 860 1087 αἰχμαλώτους
879 999 1127 1087 παρασχόμενος

167 1099 249 1174 καὶ
231 1127 510 1191 οντροπουαυτος
523 1101 810 1191 κατεστρατηγησε
819 1129 940 1182 τονςτε
951 1107 1128 1190 πολεμίους
1175 1140 1177 1201 6

118 1221 151 1275 10
168 1209 224 1277 καὶ
246 1204 325 1286 τοός
348 1211 554 1292 Φιδηναίους
578 1209 752 1292 διηγεῖται.
786 1207 880 1299 τέλος
901 1205 939 1274 δὲ
959 1205 997 1274 τὸ
1018 1204 1126 1294 κρότι-

118 1336 121 1340 ·
168 1333 247 1380 στου
277 1307 451 1395 εἰληφότος
472 1312 532 1376 τοῦ
551 1311 700 1395 πολέμου
721 1305 761 1377 τότ
782 1305 884 1378 λοιποὶ
900 1305 965 1396 ἤδη
991 1322 1130 1377 σκοπεῖν

169 1408 290 1491 αότούς
316 1407 409 1499 ἠξίου
416 1463 425 1496 ,
446 1415 522 1480 τίνα
548 1407 612 1498 χρὴ
639 1409 765 1498 τρόπον
784 1410 1041 1499 τιμωρήσασθαι
1071 1411 1129 1498 μὲν
1175 1494 1176 1499 6

167 1513 245 1595 τοὺς
259 1512 434 1602 προδότας,
449 1514 729 1601 σωφρονεστέραν
742 1514 779 1583 δὲ
792 1513 854 1601 τὴν
864 1512 1037 1602 Ἀλβανῶν
1049 1510 1128 1582 660-

169 1623 288 1687 δοῦναι
310 1615 411 1686 πόλιν
428 1622 476 1695 είς
489 1615 526 1684 τό
547 1615 678 1685 λοιπόν.
716 1613 754 1685 τό
774 1617 837 1704 μὲν
856 1608 920 1686 οὖν
941 1616 1128 1705 τιμωρήσα-

119 1737 150 1790 15
168 1731 251 1790 σδαι
263 1717 340 1798 τούς
356 1718 628 1846 ἐπιχειρήσαντας
641 1725 751 1807 ἔργοις
765 1716 913 1799 ἀνοσίοις
934 1724 1040 1788 πᾶσιν
1057 1717 1127 1788 έδό-

169 1851 222 1892 κει
243 1821 374 1892 δίκαιόν
394 1849 430 1890 τε
452 1823 507 1890 καὶ
532 1817 718 1908 ἀναγκαῖον
741 1819 896 1909 εἶναι,
875 1850 917 1892 ον
939 1824 979 1891 δε
1005 1821 1127 1947 τρόπον

168 1930 267 1997 τοῦτο
281 1921 408 2021 γένοιτ’
422 1920 466 1993 όν
486 1928 593 2015 ῥᾷστα
607 1926 663 1994 καί
676 1921 910 2012 ἀσφαλέστατα
925 1924 1057 2015 πολλὴν
1068 1920 1125 1993 αό-

169 2043 238 2109 τοῖς
252 2044 410 2115 παρεῖχεν
424 2024 578 2114 ἀπορίαν.
611 2024 727 2120 όδήλςο
741 2026 858 2116 μὲν
818 2056 884 2116 γαρ
900 2031 957 2097 καὶ
971 2025 1177 2122 λεληθότι
1139 2009 1177 2090 46

170 2130 261 2224 μόρῳ
282 2128 425 2211 πολλοὺς
439 2158 494 2199 και
484 2127 661 2216 ἀγαθοὺς
673 2128 844 2218 Ἀλβανῶν
862 2130 990 2218 ἄνδρας
1006 2137 1125 2218 διαχει-
1175 2141 1176 2250 6

119 2254 153 2309 20
171 2241 336 2325 66666666
351 2238 418 2301 τοῖν
433 2231 613 2301 όδυνότοιν
626 2230 739 2313 αὐτοῖς
752 2234 954 2321 ἐφαίνετο
921 2256 1026 2303 ειναι·
1049 2239 1080 2302 εί
1092 2232 1126 2301 δε
1175 2239 1176 2308 6

171 2342 326 2427 φανεροῖς
339 2334 589 2425 συλλαμβάνειν
598 2338 656 2405 καὶ
670 2348 891 2425 τιμωρεῖσθαι
903 2335 983 2417 τοδς
996 2337 1126 2423 ἐνόχους
1174 2371 1177 2428 6

170 2454 242 2525 ταῖς
257 2447 377 2519 αἰτίαις
398 2436 662 2527 ἐπιχειρήσειαν,
679 2436 720 2509 06
732 2440 954 2530 περιόψεσθαι
969 2438 1047 2520 τούς
1057 2436 1123 2507 Ἀλ-
1175 2465 1176 2510 ι

171 2541 295 2631 βαυοός
309 2539 564 2630 ὑπελάμβανον,
581 2539 657 2611 ἄλλ’
674 2544 728 2613 ἐπὶ
741 2543 782 2614 τόι
795 2542 881 2615 ὅπλα
895 2559 1029 2631 χωρεῖν.
1063 2539 1125 2629 ἅμα
1175 2591 1177 2640 6

116 2690 119 2695 -
157 2646 210 2718 ,δὲ
231 2654 389 2733 πολεμεῖν
417 2650 615 2733 Φιδηναίοις
640 2650 753 2716 τεκαὶ
780 2656 964 2735 Τυρρηνοῖς
984 2647 1041 2715 καὶ
1061 2659 1126 2723 τοῖς
1175 2645 1176 2650 ’

121 2762 154 2815 25
172 2747 227 2819 ἐπὶ
250 2744 312 2834 τὴν
334 2753 525 2835 συμμαχίαν
544 2753 644 2835 σφόν
665 2748 935 2837 συνεληλυθόσιν
957 2746 1123 2837 Ἀλβανοῖς

171 2847 235 2920 οὐκ
256 2848 472 2937 ἐβούλοντο.
491 2847 790 2940 ἇπορονμένωνδ
807 2849 920 2921 αότιόν
941 2860 1124 2928 τελευταίας

170 2950 409 3025 ἀποδείκνυται
423 2950 562 3076 γνώμην
581 2948 600 3023 ό
620 2950 802 3041 Ῥόλλος,“
781 2984 823 3043 ην
842 2951 989 3036 ἅπαντες
1011 2952 1121 3043 έπῄνε

171 3079 246 3142 σαν,
260 3042 381 3141 ὑπὲρ
360 3082 399 3142 ης
412 3052 494 3142 μετὰ
506 3052 628 3143 μικρὸν
642 3060 716 3140 ἐρῶ.

242 3156 379 3228 XXVII.
398 3155 725 3247 Τετταρόκονταδ”’
705 3185 815 3227 οντων
828 3160 1034 3227 σταδίων
989 3187 1059 3228 των
1068 3185 1121 3248 με·
1175 3157 1176 3264 6

121 3276 155 3328 30
172 3258 254 3341 ταξδ
276 3259 424 3349 Φιδήνης
443 3288 478 3329 τε
501 3261 557 3331 καὶ
581 3256 705 3349 Ριόμης
724 3259 900 3340 ἐλάσας
867 3288 927 3331 τον
942 3264 1047 3330 ιππον
1065 3259 1122 3331 ιἰυδ
1175 3233 1176 3372 6

173 3360 292 3447 κρότος
312 3368 423 3449 παρῆν
444 3360 552 3432 ἐπὶ
518 3389 579 3432 τον
591 3362 721 3449 χάρακα
739 3365 794 3433 καὶ
807 3364 888 3452 πρὶν
900 3358 1029 3453 ἡμέραν
1046 3372 1176 3452 λαμ

174 3460 265 3545 πρδν
274 3462 428 3545 γίνεσθαι
442 3466 584 3544 καλέσας
599 3464 744 3553 Μάρκον
750 3462 947 3554 Ορότιον
914 3494 974 3535 τον
983 3475 1120 3556 περιλει-
