2367 3850
305 96 618 161 w-B—
927 98 987 164 125

38 260 126 349 λάιτη
145 258 265 329 στόλοι
286 260 522 351 διεφθάρησαν
541 258 739 351 αὔτανδροι,
758 257 857 329 ἄλλαι
877 286 915 331 τε
927 286 985 351 με·

36 362 122 451 γάλαι
139 365 198 432 καὶ
211 366 332 434 Υδειναί
353 367 557 455 περιπέτειαι
571 369 614 461 τῇ
630 363 725 435 πόλει
745 365 932 434 συνέπεσον
951 370 991 434 αί

35 467 87 553 μὲν
102 468 139 535 ἐν
152 464 306 547 ὀθνείοις
329 470 500 557 πολέμοις,
518 472 558 537 αί
576 467 614 537 δέ
627 464 712 537 καιά
729 464 788 547 τάς
801 470 987 555 ἐμφυλίους

34 574 257 657 διχοστασίας,
276 572 520 659 ἐμφανέσταται
537 571 574 641 δέ
587 572 645 639 καί
659 571 811 659 μέγισται
828 568 912 639 κατά
923 568 987 657 τήν

33 672 105 761 ἐμήν
123 668 280 761 ήλικίαν,
299 670 355 743 ὅτε
371 681 544 755 Λικίννιος
561 678 716 762 Κράσσος
734 670 821 761 ἀνήρ
845 668 1020 753 ούδεκάςο

35 775 178 865 δεύτερος
200 783 272 845 τῶν
294 774 376 847 καθ’
392 777 512 849 ἑαυτὸν
530 773 705 867 ἡγεμόνων
724 774 884 863 στρατιάν
902 766 986 865 ἦγεν

33 881 78 949 ἐπὶ
91 878 128 949 τὸ
147 879 307 968 Πάρθων
323 888 439 970 ἔθνος,
460 882 722 968 ἐναντιουμένου
734 886 795 950 τοῦ
809 884 986 968 δαιμονίου

33 979 128 1075 πολλὰ
148 990 283 1071 χαίρειν
308 987 437 1071 φράσας
456 999 525 1065 τοίς
545 982 771 1073 ἀποτρέπουσι
789 980 850 1071 τήν
869 986 985 1065 ίξοδον

34 1094 155 1167 οἰωνοῖς
175 1095 311 1175 μυρίοις
324 1085 416 1169 ὅσοις
432 1087 635 1177 γενομένοις.
661 1083 738 1158 ἀλλ’
752 1081 839 1174 ύπέρ
851 1086 914 1175 μὲν
926 1090 985 1175 τής

35 1196 74 1270 είς
91 1187 126 1260 τὸ
144 1189 323 1280 δαιμόνιον
343 1189 534 1283 ὀλιγωρίας,
553 1180 577 1280 ᾖ
596 1195 744 1280 χρῶνταί
753 1216 842 1271 τινες
859 1191 898 1258 έν
916 1204 985 1271 τοῖς
1002 1207 1036 1259 10

35 1288 105 1362 καθ’
116 1288 203 1382 ἡμᾶς
217 1291 564 1384 χρόνοιςιπολύέργον
577 1288 686 1383 ἀνείη
699 1296 819 1381 λέγειν.

100 1394 170 1465 VII.
184 1392 223 1465 ‘0
238 1396 276 1467 δέ
290 1394 453 1487 Ῥωμύλος
466 1396 681 1487 ἀποδειχθείς
693 1401 814 1467 τοῦτον
830 1392 891 1465 τὸν
908 1392 983 1483 τρά

36 1524 91 1567 κον
110 1494 179 1569 ἀπό
192 1526 230 1569 τε
244 1496 437 1592 ἀνθράκων
450 1503 507 1571 καὶ
520 1506 615 1571 θεαῖν
634 1498 791 1589 βασιλεύς
808 1497 849 1569 τά
867 1526 904 1568 τε
921 1524 983 1568 πο-

37 1604 117 1690 λίμια
132 1602 245 1684 δεινὸς
258 1606 314 1675 καὶ
335 1610 573 1694 φιλοκίνδυνος
594 1600 804 1693 ὁμολογεῖται
822 1603 985 1689 γενέσθαι

37 1706 82 1773 καὶ
101 1715 273 1777 πολιτείαν
286 1707 513 1797 ἐξηγήσασθαι
532 1706 596 1799 τήν
614 1715 795 1796 κρατίστην
809 1704 982 1794 φρονιμά·
1002 1716 1035 1769 15

37 1834 127 1887 τινος.
154 1811 294 1899 διέξειμι
310 1808 342 1881 δ’
352 1808 459 1883 αὐτού
470 1807 529 1892 τάς
542 1809 678 1902 πράξεις
688 1810 748 1891 τάς
759 1836 796 1879 τε
813 1806 984 1889 πολιτικάς

38 1913 82 1979 καὶ
94 1910 149 1992 τάς
158 1912 245 1984 κατά
251 1917 425 2005 πολέμους,
440 1905 489 1985 ιάν
502 1916 559 1986 καί
569 1914 671 2004 λόγον
679 1912 723 1986 ἀν
732 1941 783 1995 τις
791 1914 829 1983 ἐν
838 1917 984 2001 ἱστορίας

38 2011 188 2105 ἀφηγήσει
202 2018 387 2109 ποιήσαιτο.
409 2021 474 2109 ἀροῖ
489 2019 527 2090 δέ
539 2025 674 2104 πρῶτον
684 2014 772 2106 ὑπὲρ
784 2020 845 2086 τού
856 2016 983 2104 κόσμου

37 2121 84 2206 ιής
91 2127 274 2210 πολιτείας,
287 2119 401 2211 ἀνέγιά
408 2125 545 2194 πάντων
558 2118 703 2212 ἡγοῦμαι
711 2124 892 2193 πολιτικῶν
904 2117 982 2188 κόσ·

25 2247 99 2306 ιμων
107 2219 372 2314 αὐταρκέστατον
379 2230 417 2297 ἐν
428 2226 543 2316 είρήνη
552 2223 589 2296 τε
598 2228 654 2296 καὶ
662 2222 745 2295 κατά
753 2212 984 2312 πολίμους.ήν
1000 2237 1038 2287 2⁰

40 2323 68 2392 δε
78 2326 219 2408 τοιύςδε·
235 2334 332 2421 τριχῇ
346 2337 462 2419 νείμας
481 2327 543 2418 τήν
556 2328 695 2418 πληθύν
706 2323 841 2398 ἅπασαν
860 2322 983 2413 ἑκάστη

39 2431 96 2496 τάν
113 2437 240 2518 μοιρῶν
259 2431 319 2502 τὸν
341 2433 607 2521 ἐπιφανέστατον
625 2433 807 2519 ἐπέστησεν
825 2423 981 2516 ήγεμύκα.

40 2535 137 2602 ἔπειτα
161 2538 232 2604 τοῖν
257 2543 361 2625 τριῶν
387 2537 489 2608 πάλιν
516 2539 644 2625 μοι’ρων
662 2533 804 2624 ἑκάστην
823 2537 872 2613 είς
900 2532 983 2601 δέκα

39 2641 141 2722 μοίρας
153 2635 293 2726 διελάν,
306 2649 410 2722 ,ίσους
430 2635 595 2730 ἡγεμόνας
614 2640 671 2710 καί
684 2635 817 2708 τούτων
828 2631 981 2718 ἀπέδειξε

40 2734 103 2818 τούς
114 2737 384 2829 ἀνδρειοτάτους·
401 2743 510 2814 ἐκάλει
524 2742 562 2813 δὲ
574 2739 634 2822 τάς
646 2742 709 2830 μὲν
721 2746 851 2829 μείζους
864 2746 983 2828 μοίρας
998 2753 1032 2806 25

40 2847 176 2931 τρίβους,
191 2842 249 2926 τάς
273 2843 305 2915 δ’
321 2843 477 2927 ἐλάττους
496 2852 651 2934 κουρίας,
674 2841 719 2926 ἀς
740 2845 799 2914 καί
819 2840 904 2912 κατά
922 2839 982 2912 τὸν

41 2936 184 3036 ἡμέτερον
196 2955 273 3036 βίον
286 2957 334 3020 ἔτι
348 2949 662 3039 προσαγορεύονται.
687 2957 740 3038 είη
753 2944 787 3018 δ’
795 2939 840 3016 ἀν
850 2942 981 3016 Ἑλλάδι

41 3045 152 3140 ίάὥττρ
180 3049 221 3122 τά
248 3048 394 3143 ὀνόματα
415 3058 519 3123 ταῦτα
541 3050 862 3142 μεθερμηνευόμενα
890 3043 982 3134 φυλή
1014 3101 1020 3114 .

42 3146 91 3230 μὲν
107 3156 161 3224 καί
180 3153 312 3244 τριττάς
331 3151 352 3244 ἡ
373 3165 527 3248 τρίβους,
557 3156 690 3248 φράτρα
710 3155 749 3226 δὲ
769 3153 826 3223 καί
844 3149 940 3237 λόγος
959 3143 981 3235 ἡ

42 3261 161 3344 κουρία,
176 3258 234 3327 καὶ
245 3263 314 3329 τιδν
326 3251 464 3350 ἀνδρῶν
478 3267 514 3331 οί
529 3261 591 3349 μὲν
604 3259 664 3342 τάς
674 3266 745 3328 τιδν
755 3259 884 3345 τρίβων
899 3245 979 3339 ήγε·
997 3267 1033 3322 ³⁰

42 3362 141 3440 βοείας
166 3366 297 3450 ἔχοντες
323 3363 492 3452 φύλαρχοί
508 3391 545 3434 τε
575 3365 633 3435 καί
657 3357 885 3449 τριττύαρχοι,
921 3347 988 3434 οάς

25 3463 168 3534 ιιιιλούσι
183 3459 335 3556 Ῥωμαῖοι
360 3467 576 3559 τριβούνους·
607 3469 643 3537 οί
667 3463 706 3534 δέ
730 3477 804 3543 ταίς
828 3464 983 3551 κουρίαις
