2367 3850
416 176 468 192 ·-·
520 147 653 212 1²-
949 145 1010 213 231

43 315 90 401 τῇ
112 307 197 381 κατὰ
210 320 319 399 Ιγιίρα
330 325 485 398 γεννατος
503 305 525 400 ἢ
544 307 621 382 κατ’
641 307 749 399 ἀλλην
766 306 845 380 τινά
864 309 972 399 τύχην
990 306 1013 400 ἢ

44 414 181 502 τόλμαν
207 415 379 502 ἐπίσημος,
398 409 504 484 αὑτὸν
527 410 624 501 ι’γξίου
647 412 780 484 τόττειν
807 418 942 502 πρῶτον
973 415 1013 484 έν
1104 445 1118 458 ·

44 531 124 596 τοῖς
142 522 240 606 τρισί.
276 515 403 604 ταύτην
421 517 476 586 έπί
497 512 584 586 πολύ
603 519 780 604 χωροῦσαν
799 519 838 585 έν
863 512 1010 604 ἀμφότέ·

44 645 125 707 ροτς
147 633 218 698 τοῖς
236 617 460 707 στρατεύμασι
480 617 542 708 τὴν
561 625 756 707 φιλοτιμίαν
773 613 793 688 ό
812 624 881 686 τῶν
891 616 1010 707 Ἀλβα-

43 725 126 791 νῶν
151 729 277 792 ἔπαυσε
310 717 490 810 στρατηγός
516 722 744 810 ἐνθυμηθείς,
777 718 830 790 ότι
854 729 935 792 θεία
959 737 1044 802 τιςσ

43 822 196 912 πρόνοια
217 825 254 894 ἐκ
275 828 403 894 πολλοῦ
426 826 646 914 προορωμένη
663 823 723 894 τόν
742 824 905 911 μέλλοντα
924 846 1009 912 συμ-

43 926 219 1015 βήσεσθαι
252 939 324 1006 ταῖς
348 925 487 998 πόλεσιν
512 923 629 1014 ἀγῦνα
655 925 733 1008 τούς
762 925 1010 1016 προκινδυνεύ-

44 1048 174 1108 σοντας
192 1023 278 1116 ύπδρ
298 1025 413 1098 αύτοῑν
430 1029 655 1099 κατεσκεύασε
673 1032 834 1118 γενέσθαι
850 1040 956 1100 οίκων
972 1055 1011 1098 τε

43 1128 115 1202 οῦκ
139 1127 283 1217 ἀφανῶν
307 1133 363 1200 καί
386 1128 428 1201 τό
455 1133 600 1221 πολέμια
625 1129 777 1221 ἀγαθούς
788 1128 945 1220 όφδῆναί
973 1155 1011 1200 τε

43 1239 251 1314 καλλίστους
276 1235 333 1302 καὶ
354 1231 433 1304 ούτε
458 1236 622 1320 γενέσεως
646 1231 764 1324 ὁμοίας
782 1251 854 1314 τοῖς
873 1243 1010 1314 πολλοῖς
1027 1251 1061 1304 ιο

8 1351 28 1400 τι
44 1335 307 1426 μετειληφότας,
334 1333 419 1407 ἀλλά
436 1333 582 1407 σπανίου
601 1338 658 1408 καί
677 1341 874 1426 θαυμαστῆς
896 1335 953 1406 διὰ
972 1336 1011 1407 τό

45 1437 249 1528 παράδοξον.
277 1436 419 1534 Ὁρατίῳ
440 1439 506 1530 γάρ
526 1465 593 1510 τινι
606 1435 753 1534 Ῥωμαίῳ
774 1443 831 1511 καί
851 1443 1010 1532 Κορατίῳ

44 1540 86 1610 τὸ
109 1541 206 1628 γένος
215 1537 369 1634 Ἀλβανςό
387 1540 472 1612 κατὰ
484 1539 544 1611 τδν
565 1538 670 1612 αύτόν
682 1542 804 1632 χρόνον
826 1541 1010 1631 ἐνεγγύησε
1097 1620 1100 1625 ,

44 1644 242 1732 θυγατέρας
279 1643 443 1732 διδύμους
475 1651 630 1725 Σικίνιος
659 1643 826 1733 Ἀλβανός.
878 1641 1010 1724 τούτοις

45 1743 249 1835 ἀμφοτέροις
271 1749 310 1815 αί
334 1762 494 1834 γυναῖκες
518 1748 701 1836 έγκύμονες
726 1744 795 1834 ἀμα
817 1746 1007 1836 γενόμεναι,
1026 1767 1060 1819 ιο

46 1847 108 1929 τὰς
121 1845 353 1937 πρωτοτόκους
367 1849 546 1939 ἐκφέρουσι
560 1849 662 1938 γονὰς
674 1847 800 1950 ἀρρευα
815 1852 925 1940 βρέφη
938 1857 1009 1938 τρί·

48 1959 160 2040 δυμα,
183 1953 240 2025 καὶ
253 1948 338 2021 αύτά
351 1958 386 2021 oc
401 1952 593 2040 γεινάμενοι
606 1951 689 2042 πρός
707 1958 833 2024 οἰωνοῦ
851 1951 1011 2040 λαβόντες

46 2053 186 2141 ἀγαθοῦ
208 2056 266 2123 καί
279 2054 378 2149 πόλει
396 2056 454 2125 καὶ
473 2064 556 2147 οίκῳ
582 2062 631 2149 τῷ
655 2059 809 2149 σφετέρῳ
826 2057 1010 2143 τρέφουσιν

47 2156 183 2227 ἅπαντα
200 2156 260 2228 καὶ
281 2162 460 2227 τελειοῦσι·
491 2155 573 2238 θεὸς
587 2155 623 2228 δ’
637 2156 770 2245 αὐτοῖς,
794 2155 908 2245 ὥσπερ
928 2153 1007 2225 κατ’

46 2256 154 2349 ἀρχὰς
167 2263 273 2346 ἔφην,
296 2264 415 2343 δίδωσι
429 2259 550 2341 κάλλος
562 2288 599 2330 τε
613 2262 670 2331 καὶ
691 2260 807 2350 ῥύμην
819 2262 877 2328 καὶ
897 2257 940 2347 δὴ
951 2260 1009 2327 καὶ
1025 2277 1060 2332 νῦ

47 2366 157 2450 ψυχῆς
176 2361 395 2450 γενναιότητα
413 2360 559 2451 μηδενός
579 2368 648 2432 τοῖν
667 2360 788 2453 ἀριστα
806 2360 1010 2449 πεφυκότων

46 2474 174 2553 χείροσι
188 2466 359 2550 γενέσθω.
381 2463 511 2545 τούτοις
524 2473 612 2552 ἔγνω
624 2482 694 2547 τοῖς
707 2462 874 2553 ἀνδρόσυν
887 2460 1010 2533 δΦου-

49 2569 182 2655 φέττιος
209 2568 401 2653 ἐπιτρέπειν
424 2565 485 2637 τὸν
503 2564 590 2655 ὑπὲρ
610 2574 669 2656 τῆς
693 2564 873 2657 ἡγεμονίας
893 2563 1009 2655 ἀγῶνα

49 2672 104 2740 καὶ
118 2667 410 2757 προκαλεσάμενος
430 2676 477 2750 είς
490 2669 612 2759 λόγους
623 2668 685 2741 τόν
697 2672 837 2759 βασιλέα
849 2674 920 2740 τόν
929 2665 1009 2739 Ῥω·

49 2779 158 2860 μαίων
171 2772 261 2859 λέγει
275 2770 358 2859 πρός
371 2769 489 2843 αὐτόν·
1025 2785 1061 2838 νο

60 2936 65 2947 ,
123 2872 223 2942 XIIII.
253 2874 337 2955 Θεός
351 2902 403 2955 τις
417 2882 544 2961 έοικεν,
564 2864 592 2943 τό
611 2873 737 2962 Τύλλε,
760 2872 1011 2964 προνοούμενος

50 2980 117 3047 τόν
146 2976 279 3047 πόλεων
300 2979 457 3067 ἑκατέρας
480 2979 517 3047 έν
537 2974 653 3058 ἄλλοις
672 3004 709 3047 τε
734 2986 869 3055 πολλοίς
890 2976 948 3043 καὶ
967 2973 1011 3062 δὴ

50 3082 104 3149 καὶ
117 3076 203 3150 κατὰ
216 3078 317 3151 τόνδε
332 3077 392 3149 τόν
409 3076 526 3167 ἀγῦνα
545 3078 700 3169 φανερόν
713 3077 777 3167 τὴν
797 3076 935 3148 εῦνοιαν
947 3100 1009 3145 τε·

7 3200 35 3251 15
51 3186 221 3271 ποιῆσθαα
261 3181 299 3251 τὸ
325 3180 390 3278 γδρ
420 3178 605 3273 εύρεδῆναι
629 3179 708 3263 τούς
737 3179 1011 3270 ἀγωνιουμένους

50 3281 135 3372 ύπδρ
148 3283 288 3354 πόντων
301 3288 393 3371 γένει
405 3311 442 3354 τε
456 3283 602 3375 μηδενός
613 3291 767 3374 χείρονας
782 3280 893 3352 καὶτὰ
907 3281 1007 3350 πολέ·
1025 3296 1062 3351 30

51 3416 107 3473 μια
120 3383 275 3473 ἀγαθούς
285 3383 441 3476 ὀφθῆναί
449 3413 487 3457 τε
500 3394 715 3471 καλλίστους,
730 3383 814 3470 πρός
827 3385 865 3453 δὲ
878 3382 1010 3460 τούτοις

52 3490 82 3573 ίξ
100 3487 177 3572 ἑνός
198 3488 391 3580 πεφυκότας
411 3486 535 3581 πατρὸς
553 3491 612 3560 καί
630 3484 697 3557 ύτδ
709 3492 788 3575 μιᾶς
806 3486 1009 3573 γεγευνημέ·
