2367 3850
174 138 237 204 1186
535 169 581 182 --
635 137 663 198 B
719 167 763 178 -

173 304 232 389 τής
245 305 381 388 σοφίας,
402 302 434 368 εί
453 301 523 368 τω”ν
541 293 654 367 ἀλλων
668 293 753 388 ύπέρ
768 295 805 366 τό
819 297 955 385 μέτριον
969 297 1134 387 ἐκτετιμη-

173 402 282 474 κότων
307 400 369 491 τήν
394 407 570 489 βασιλείαν
598 401 656 470 καὶ
684 397 743 470 τόν
770 397 955 488 εὐδαίμονα
979 407 1057 489 βίον
1084 403 1135 470 ἐν·

173 509 287 575 ταύθα
319 506 510 593 τιθεμένων
534 500 636 591 μόνος
666 506 794 584 ἐκεῖνος
821 497 866 583 τός
886 500 1021 590 φαύλου
1048 502 1136 584 τινός

59 641 73 658 ·
173 609 231 677 καὶ
249 603 313 678 ούκ
325 602 422 689 ἀξίου
442 610 592 693 σπουδῆς
612 605 804 694 πράγματος
830 621 1056 694 καταφρονεῖ,
1075 632 1134 675 πα-

103 719 118 746 *
139 739 157 790 5
175 710 388 802 ραγενομένφ
401 737 437 779 τε
451 705 612 796 ὑπήντων
626 716 674 778 ἐτι
688 705 769 778 καθ’
786 705 867 779 ὁδὸν
880 704 953 778 όντι
966 707 1033 778 σύν
1044 711 1135 778 ἐπαί-

173 841 223 905 νφ
233 817 346 905 πολλῷ
357 814 414 881 καὶ
423 809 610 899 ἀσπασμοῖς
623 813 679 880 καὶ
692 825 763 891 ταῖς
776 808 892 890 ἀλλαις
903 826 1014 898 τιμαῖς
1029 837 1135 898 παρα-

173 917 360 1004 πέμποντες
379 920 427 995 είς
445 912 507 1003 τήν
528 913 637 983 πόλιν.
681 916 859 1002 ἐκκλησίας
880 905 918 982 δὲ
934 913 1016 1002 μετά
1040 919 1136 984 τούτο

172 1022 415 1106 συναχθείσης,
433 1019 472 1088 ἐν
485 1007 507 1106 ᾗ
521 1015 702 1105 διήνεγκαν
716 1013 801 1108 ὑπὲρ
815 1013 921 1087 αύτού
934 1014 992 1098 τὰς
1004 1016 1136 1108 ψήφους

85 1137 91 1152 “
172 1125 210 1190 αλ
223 1123 330 1207 φυλαὶ
351 1118 434 1189 κατὰ
455 1119 607 1208 φράτρας
628 1122 685 1190 καλ
707 1123 776 1188 τοῖν
804 1125 991 1208 πατρικίων
1017 1123 1135 1190 ἐπικο-
1174 1189 1175 1210 χ

122 1241 156 1292 10
173 1222 355 1311 ρωσάντων
375 1221 415 1292 τά
431 1223 573 1305 δόξαντα
590 1227 639 1316 τῷ
653 1221 777 1311 πλήθει
795 1224 852 1292 καὶ
871 1231 1069 1292 τελευταῖον
1091 1229 1136 1292 ἐτι
1174 1215 1175 1222 ¹

123 1323 129 1339 ’
172 1329 241 1395 τῶν
258 1323 517 1414 ὀρνιθοσκόπων
530 1335 622 1396 αίσια
640 1324 681 1394 τά
699 1322 791 1414 παρά
804 1331 864 1394 τού
877 1329 1058 1413 δαιμονίου
1076 1347 1135 1413 ση-

172 1443 249 1516 μεία
262 1425 511 1517 ἀποφηνάντων
523 1427 777 1517 παραλαμβάνει
790 1426 852 1516 τήν
866 1424 979 1516 ἀρχήν.
1013 1435 1135 1500 τούτου
1175 1433 1176 1448 ³

171 1528 232 1602 τόν
251 1529 361 1622 ἀνδρα
376 1527 533 1620 Ῥωμαῖοί
551 1551 636 1618 φασι
653 1537 832 1620 στρατείαν
853 1536 1021 1620 μηδεμίαν
1036 1530 1133 1620 ποιή-

171 1644 317 1722 σασθαι,
336 1639 484 1722 θεοσεβῆ
498 1634 536 1704 δὲ
550 1635 607 1702 καὶ
622 1639 755 1703 δίκαιον
768 1632 952 1721 γενόμενον
966 1637 1004 1704 ἐν
1017 1634 1134 1724 εἰρήνη

121 1754 154 1806 15
172 1735 281 1806 πάντα
313 1734 374 1806 τὸν
404 1741 463 1826 τής
494 1733 597 1825 ἀρχῆς
625 1735 748 1824 χρόνον
773 1737 962 1807 διατελέσαι
989 1738 1049 1806 καὶ
1075 1735 1135 1826 τήν

171 1838 271 1908 πόλιν
292 1836 411 1964 ἀριστα
436 1841 700 1934 πολιτευομένην
720 1851 922 1931 παρασχεῖν,
953 1837 1078 1927 λόγους
1099 1865 1134 1908 τε
1148 1843 1178 1898 304

169 1936 320 2031 ἀνέρ’
277 1968 382 2012 αυτου
368 1940 540 2023 πολλούς
558 1945 615 2013 καὶ
635 1940 853 2031 θαυμαστοὺς
872 1940 1069 2029 λέγουσιν’
1050 1971 1133 2013 ανα-

170 2042 384 2133 φέροντες
349 2073 411 2134 την
426 2041 651 2135 ἀνθρωπινην
670 2052 797 2133 σοφίαν
818 2052 865 2125 είς
885 2050 979 2115 θεων
998 2042 1133 2133 ὑποθή-

169 2173 240 2227 κας.
264 2146 475 2237 νύμφηνγάρ
489 2175 565 2218 τινα
578 2154 832 2237 μυθολογοῦσιν
842 2145 999 2236 Ἠγερίαν
1012 2152 1135 2237 φοιτᾶν

119 2266 153 2317 20
170 2248 254 2339 πρός
267 2247 371 2321 αύτόν
389 2254 543 2321 ἑκάστοτε
565 2250 794 2321 διδάσκουσαν
807 2249 873 2341 τήνΙ
885 2249 1063 2340 βασιλικήν
1076 2271 1134 2320 σο-

169 2360 271 2441 φίαν,
290 2356 398 2445 ἕτεροι
413 2354 452 2423 δὲ
465 2352 506 2423 ού
519 2358 675 2442 νύμφην,
693 2351 777 2424 ἀλλά
794 2360 862 2423 τῶν
876 2360 1030 2425 Μουσῶν
1043 2360 1134 2443 μίαν.

169 2458 226 2527 καὶ
238 2457 337 2527 τοῦτό
353 2478 437 2545 φασι
450 2460 611 2546 γενέσθαι
620 2461 701 2527 πᾶσι
716 2456 873 2544 φανερόν.
899 2454 1135 2527 ἀπιστούντων

169 2557 253 2647 γάρ,
279 2556 323 2639 ὡς
344 2568 450 2646 ἔοικε,
471 2565 541 2629 τῶν
563 2556 759 2648 ἀνθρώπων
778 2556 853 2629 κατ’
869 2555 972 2647 ἀρχάς
992 2562 1050 2629 καὶ
1072 2584 1132 2627 πε-

170 2662 320 2731 πλάσθαι
340 2662 543 2751 νομιζόντων
565 2660 624 2731 τόν
638 2666 714 2751 περὶ
736 2652 794 2751 τῆς
812 2667 896 2741 θεᾶς
909 2660 1028 2749 λόγου,
1049 2670 1132 2749 βου-

119 2783 153 2835 25
171 2762 313 2851 λόμενον
325 2761 429 2834 αὐτόν
449 2768 682 2849 ἐπιδείξασθαι
695 2780 765 2845 τοῖς
783 2761 982 2835 ἀπιστοῦσιν
996 2765 1134 2853 ἐναργές

168 2893 201 2935 τι
226 2864 364 2955 μήνυμα
390 2871 449 2954 τής
475 2866 558 2956 πρός
584 2866 648 2957 τήν
672 2874 818 2957 δαίμονα
839 2865 970 2956 ὁμιλίας
997 2869 1055 2937 καὶ
1082 2871 1133 2935 ’δι-

168 2972 338 3057 δαχθέντα
363 2964 426 3038 ὑπ’
440 2966 543 3058 αύτής
567 2976 704 3059 ποιήσαι
724 2971 819 3041 τόδε·
851 2972 1037 3041 καλέσαντα
1053 2965 1133 3039 Ῥω-

166 3079 280 3161 μαίων
293 3069 501 3151 πολλούςκαλ
514 3070 666 3160 ἀγαθούς
680 3081 726 3153 εἰς
739 3072 801 3162 τήν
815 3080 940 3160 οἰκίαν,
956 3062 1028 3162 ένή
1044 3078 1134 3143 διαι-

170 3174 317 3261 τώμενος
331 3174 531 3263 ἐτύγχανεν,
552 3183 668 3247 ἔπειτα
687 3181 842 3259 δείξαντα
856 3190 924 3256 τοῖς
938 3180 1081 3247 ἐλθοῦσι
1089 3173 1135 3267 ,τά

118 3296 154 3349 30
172 3283 274 3347 ἐνδον
287 3284 329 3367 τῇ
350 3304 387 3345 τε
407 3275 491 3367 ἀλλη
512 3284 702 3367 κατασκευῇ
725 3279 862 3367 φαύλως
884 3279 1135 3366 κεχορηγημένα

170 3379 228 3446 καὶ
239 3377 280 3465 δή
290 3381 345 3449 καὶ
355 3384 425 3448 των
434 3386 480 3459 είς
495 3381 643 3449 ἑστίασιν
657 3376 794 3468 ὀχλικὴν
804 3385 1002 3470 ἐπιτηδείων
1012 3377 1135 3469 ἀπορα,

170 3475 245 3546 τότε
272 3480 334 3570 μὲν
358 3477 630 3553 ἀπαλλάττεσθαι
644 3482 825 3571 κελεύειν,
853 3491 900 3564 είς
925 3486 1072 3574 ἑσπέραν
1099 3483 1142 3554 δὲ,
