2367 3850
411 59 638 149 -A‘-
965 92 1002 153 τι

62 252 99 341 τῇ
118 246 276 343 συμμάχῳ
291 252 420 339 μᾶλλον
438 243 460 339 ἢ
481 249 648 344 διαφόρῳ·
679 245 889 339 ἀμφοτέρους
908 250 947 321 δέ
966 250 1004 323 τό

61 351 133 443 όναρ
147 352 295 423 έκάλνεν
309 350 426 442 άρχειν
438 352 552 443 μάχης.
575 350 620 434 ὦς
633 352 671 424 δέ
685 348 791 443 ἡμέρα
802 380 840 423 τε
860 356 1003 442 ἐγένετο,

59 458 107 526 καὶ
127 455 397 545 διεκοσμήθησαν
418 462 466 539 είς
482 455 591 546 μάχην
611 460 649 526 αί
666 455 842 546 δυνάμεις,
861 456 1004 547 κήρυκες

60 550 132 649 ἧκον
150 556 194 640 τός
212 558 292 640 τοδς
311 556 475 649 ἡγεμόνας
493 562 703 650 ἑκατέρωθεν
717 557 756 628 τδ
776 556 857 629 αάτδ
869 558 1001 642 άξιοῦν-

59 688 113 749 τες,
123 671 303 733 συνελθεῖν
316 659 469 751 ἀλλήλοις
482 663 673 751 είςλόγους·
687 664 743 734 καὶ
752 665 881 752 ἐγένετο
894 670 1003 736 τοῦτο.
1019 680 1036 732 ο

127 764 241 837 Lvssl.
255 771 393 856 Πράτος
407 767 445 837 δὲ
460 762 478 838 6
490 775 635 848 Λατῖνος
647 773 794 857 ἔγκλημα
806 766 1004 857 ποιούμενος

60 867 110 939 τδυ
128 868 302 959 αἰφνίδιόν
328 871 442 940 τεκαὶ
468 867 714 959 ἀκατάγγελτον
741 868 888 960 πόλεμον
909 866 1013 961 ἠξίου

60 971 109 1042 τὸν
121 979 262 1043 Αἰνείαν
274 974 385 1061 λέγειν
391 1024 402 1062 ,
416 972 506 1056 ὅστις
519 968 568 1045 τόν
585 976 642 1043 καὶ
658 982 693 1045 τί
709 973 913 1063 βουλόμενος
928 971 1003 1060 άχει

61 1077 107 1146 καί
123 1078 216 1165 φέρει
230 1074 272 1147 τά
287 1082 372 1203 χριρί
370 1106 393 1147 α
418 1075 598 1159 πεπονθός
617 1104 654 1147 τε
674 1073 775 1147 οὐδὲν
794 1075 907 1147 δεινὸν
919 1076 1002 1166 πρό-

60 1202 140 1267 τερος
153 1177 265 1249 ταδ’
223 1208 287 1249 ουκ
301 1176 435 1268 άγνοάν
447 1178 498 1251 ότι
515 1180 574 1255 τὸν
587 1178 731 1270 άρχοντα
744 1182 895 1269 πολέμου
908 1184 971 1261 πάς
984 1175 1003 1249 ό
1022 1197 1054 1248 10

27 1280 272 1371 τροπαθοδν’
254 1282 431 1373 αμάνεται·
445 1283 616 1375 παρασχόν
635 1310 672 1353 τε
691 1277 735 1353 δν
751 1279 842 1377 αὐτῷ
860 1286 945 1368 πάν,
972 1292 1008 1354 εί

27 1402 136 1467 ιιτινος
157 1390 266 1457 έδεῑτο
292 1394 446 1477 μετρίου,
472 1386 555 1478 πρὸς
577 1394 696 1477 φιλίαν
720 1386 777 1455 καὶ
806 1411 988 1474 παρκον
878 1383 1003 1456 ’ἑκόν-

62 1515 118 1558 τον
126 1485 341 1578 εὑρίσκεσθαι
352 1496 421 1561 τόν
433 1493 616 1581 έγχοιρίων,
629 1486 811 1580 παρελθόν
822 1487 885 1579 τὴν
894 1485 1003 1559 ἁπάν-

62 1618 117 1661 των
134 1589 328 1681 άνθριόπων
347 1599 523 1665 δικαίωσιν
541 1589 713 1681 ιιίσχιον”
689 1621 711 1681 η
731 1591 869 1663 κάλλιον
885 1588 1005 1681 ἠξίωσε
1059 1652 1064 1657 .

63 1698 342 1786 βίανπροσφέρων
359 1696 398 1767 τά
412 1694 496 1767 αὐτά
510 1697 705 1787 λαμβάνειν
732 1700 870 1769 τοιαῦτα
884 1696 923 1766 δέ
939 1692 1001 1765 τά·
1021 1715 1053 1766 15

63 1822 111 1865 τον
99 1800 363 1888 διαλεχθέντος
381 1796 580 1891 άπεκρίνατο
588 1804 753 1879 Αἰνείας·
776 1795 889 1888 Ἡμείς
907 1801 1004 1887 γένος

57 1898 113 2021 μέν
134 1905 243 1991 Τριόές
262 1903 380 1993 έσμεν,
402 1904 529 1986 πόλεως
541 1900 639 1975 δέ’
599 1932 640 1974 ον
653 1905 710 1993 τῆς
723 1900 952 1992 ἀφανεστάτης
965 1904 1004 1972 έν

57 1998 192 2094 Ελλησιν
213 2004 459 2097 ἐγενόμεθα
446 2037 493 2097 ην
510 2004 753 2097 άφαιρεθέντες
771 2002 839 2076 ὑπὸ
864 2004 1004 2094 Ἀχαιῶν

64 2111 197 2180 δεκαετεί
210 2111 345 2203 πολέμῳ
359 2121 600 2200 χειρωθεῖσαν,
619 2108 737 2200 ἅληται
750 2107 1003 2199 περιερχόμενοι

64 2210 173 2294 πόλιάς
183 2241 220 2284 τε
234 2213 343 2284 καὶ
296 2239 404 2304 χωρας
416 2205 531 2304 ένῇ
499 2241 537 2284 το
547 2211 665 2285 λοιπδν
677 2212 856 2303 οίκήσομεν
867 2210 1053 2303 ἀπαρίνην)

63 2323 141 2396 θεοῖς
153 2317 192 2386 δέ
206 2316 383 2388 κελεύουσι
404 2316 600 2406 πειθόμενοι
624 2312 720 2403 δεῦρ’
737 2314 926 2405 ἀφίγμεθα·
944 2315 1002 2384 καὶ

63 2411 129 2504 ἡμίν
149 2415 192 2502 άς
209 2419 251 2508 τά
269 2421 423 2509 θέσφατα
449 2423 538 2509 λέγει
558 2419 659 2510 λιμὴν
675 2424 733 2508 τῆς
754 2418 883 2508 πλάνης
900 2412 1001 2507 ἦδεη

28 2581 29 2584 ,
63 2523 96 2607 γη
112 2520 191 2612 μόνη
212 2529 369 2594 λείπεται.
411 2522 630 2613 έποριζόμεθα
644 2520 682 2592 δέ
702 2524 739 2591 ἐκ
758 2526 816 2612 της
830 2520 939 2610 χώρας
952 2510 1002 2590 ὧν

29 2683 30 2716 ,
62 2616 127 2709 ἡμίν
148 2630 199 2696 δεῖ
212 2627 473 2717 δυστυχέστερον
487 2632 614 2716 μάλλον
627 2620 649 2716 ἦ
662 2623 942 2714 εὐπρεπέστερον,
957 2619 1002 2704 ὦς

29 2719 30 2726 ¹
63 2718 162 2812 ἥκιστα
177 2731 258 2810 τέως
283 2757 323 2818 γε
343 2729 565 2820 ἐβουλόμεθα.
613 2725 825 2818 άμειψόμεθα
853 2726 891 2797 δέ
916 2723 1002 2796 αὐτά
1018 2741 1052 2791 κο

64 2837 184 2912 πολλοῖς
214 2834 271 2902 καὶ
302 2829 447 2922 άγαθαϊς
478 2841 587 2924 έργων
619 2830 775 2922 άμοιβαίς
803 2833 1001 2919 παρέχοντες

63 2924 128 3017 ὑμῖν
145 2937 199 3004 καὶ
212 2937 348 3025 στόματα
367 2939 423 3008 καὶ
436 2936 546 3026 ψυχάς
560 2927 601 3007 εὖ
614 2936 696 3025 πρὸς
708 2933 750 3005 τά
770 2933 866 3006 δεινά
879 2958 999 3002 πεπαι-

29 3011 57 3134 6⁴⁸
67 3035 209 3123 δεομένας
219 3045 364 3129 χρῆσθαι
376 3035 483 3110 ὁπόσα
493 3038 671 3166 βούλεσθε,
682 3037 744 3130 τὴν
755 3035 923 3128 ὑμετέραν
935 3039 1001 3122 γῆν

29 3139 268 3222 φυλάττοντες
279 3139 448 3233 άδῄοιτου,
470 3171 532 3232 την
546 3144 584 3213 δέ
604 3148 674 3213 τάν
689 3149 857 3232 πολεμίων
869 3134 999 3226 προθύ-

67 3263 119 3322 μσς
137 3243 458 3370 συγκατακτώμενοι.
491 3247 598 3317 ίκέται
611 3242 680 3316 δέ
660 3250 757 3334 υμῶν
770 3240 937 3332 γινόμεθα
955 3266 1000 3328 μη
1017 3255 1051 3308 30

68 3340 131 3429 ²9⁰9
149 3342 251 3436 όργην
269 3346 310 3418 τδι
328 3351 545 3438 πεπραγμένα
563 3347 764 3476 λαμβάνειν,
785 3342 999 3432 ένθαμηθέν

67 3468 111 3526 mg
128 3443 169 3539 ,οἷς
190 3448 231 3520 οὐ
254 3449 320 3522 σάν
343 3448 441 3545 υβρει
462 3448 538 3524 ἀλλ’
557 3448 617 3522 ὑπ’
633 3448 781 3538 άνάγκης
800 3450 905 3516 ταῦτα
924 3453 1001 3536 βια·
