2367 3850
431 95 667 156 -B-
951 98 1012 160 177

46 256 203 343 πρέσβεις
221 252 409 342 γενόμενον
429 252 696 344 προειπόντας
715 256 953 346 ἐργασαμένοις
973 257 1011 328 τό

43 357 150 444 μύσος
164 353 285 436 ὕδατος
305 367 481 444 εἴργεσθαι
493 359 550 428 καλ
565 355 670 448 πυρός
685 357 933 446 (ἐπεφεύγεσαν
946 358 1010 451 γάρ

44 463 82 529 ἐκ
101 465 161 548 τῆς
179 458 308 540 πόλεως
327 458 474 542 ἅπαντες
493 458 562 550 ἅμα
580 465 630 556 τῷ
648 456 708 531 τὸν
734 458 855 530 Τάτιον
876 457 1006 532 άποθα-

44 569 134 647 νεῖν)
156 565 212 632 καὶ
235 568 305 631 τῶν
323 569 540 652 Λαβινιατῶν
560 562 639 646 τούς
660 561 846 644 συστάντας
868 565 924 633 ἐπὶ
951 562 1009 635 τὸν

47 662 173 735 Τάτιον
203 671 406 760 δικαστηρίῳ
431 665 605 756 παραδούς
632 669 834 746 ἐκδοθέντας
859 661 926 736 ὑπὸ
953 672 1043 756 τῆςε

43 769 194 854 πόλεως,
215 768 332 858 ἐπειδὴ
352 769 543 860 δικαιότερα
565 769 708 840 ἐδόκουν
728 771 840 857 λέγειν
859 766 899 838 τά
915 776 1010 857 βίαια

42 869 313 961 τιμωρησάμενοι
323 887 391 952 τοῖς
400 865 689 959 βιαίοις,άπέλυσε
700 877 757 962 τῆς
766 878 882 952 αἰτίας.
905 878 1009 942 ταῦτα

44 973 314 1062 διαπραξάμενος
326 975 381 1044 έπλ
395 973 458 1064 τὴν
472 981 670 1065 Φιδηναίων
687 972 887 1064 ἐστράτευσε
910 975 1009 1046 πόλιν

42 1075 108 1146 άπό
123 1076 367 1167 τετταράκοντα
383 1083 586 1148 σταδίων
544 1106 603 1167 της
612 1073 734 1166 Ῥάμης
755 1080 929 1167 κειμένην,
948 1105 1006 1166 με·

42 1179 153 1269 γάλην
172 1181 282 1250 τεκαὶ
271 1179 576 1304 πολυάνθρωπον
595 1171 703 1250 ούσαν
720 1179 804 1252 τότε.
844 1177 1009 1271 άγομένης
1028 1197 1060 1248 10

46 1281 112 1407 γάρ
129 1289 177 1364 είς
197 1311 267 1372 την
271 1266 438 1373 Ριάμην’
417 1291 541 1372 αγορᾶς
569 1288 608 1355 έν
628 1281 774 1372 σκάφαις
795 1297 1009 1372 ποταμηγοῖς,

43 1384 84 1474 ἣν
104 1393 393 1476 Κρουστομερῖνοι
412 1382 656 1475 πιεζομένοις
637 1384 704 1456 υπὸ
725 1392 824 1475 λιμοῦ
839 1383 1009 1476 Ῥωμαίοις

44 1486 262 1576 ἀπέστειλαν,
285 1486 452 1579 άσάμενοι
471 1487 555 1560 κατά
575 1493 705 1578 πλῆθος
724 1486 833 1559 ἐπὶ
797 1517 856 1570 τας
877 1488 1009 1576 σκάφας

13 1596 77 1662 δοί
88 1595 271 1680 Φιδηναῖοι
290 1591 352 1684 τήν
371 1621 407 1662 τε
426 1590 555 1680 άγοράν
575 1590 841 1681 διήρπασανκαὶ
858 1596 927 1660 τῶν
946 1588 1006 1661 άν-

43 1693 197 1784 θριόπων
214 1693 311 1774 τινάς,
328 1701 398 1765 τάν
423 1695 702 1784 ἐπιβοηθούντων
728 1691 929 1766 ἀπέκτειναν
954 1699 1005 1764 αί-
1027 1712 1059 1764 15

44 1797 205 1884 τούμενοί
221 1825 256 1866 τε
277 1803 373 1879 δίκας
392 1794 454 1887 ούχ
475 1794 626 1888 ύπείχον.
667 1794 724 1887 ἐφ’
738 1789 791 1879 οἷςΙ
808 1793 1009 1884 άγανακτάν

44 1897 62 1970 δ
83 1897 249 1990 Ῥωμύλος
275 1903 436 1991 ἐνέβαλεν
463 1906 511 1982 είς
536 1899 599 1991 την
624 1900 739 1992 χάραν
764 1897 879 1973 αὐτοῖν
899 1905 1009 1991 πολλῇ

46 2009 185 2096 στρατιᾷ
202 2006 259 2075 καὶ
272 2003 452 2095 γενόμενος
464 2001 624 2092 άφθόνου
637 2011 727 2087 λείας
743 2002 903 2094 ἐγκρατὴς
919 2001 1006 2075 dad-

46 2135 123 2195 γειν
143 2107 206 2197 μὲν
220 2108 481 2195 παρεσκευάζετο
494 2105 557 2196 τὴν
572 2108 735 2199 δύναμιν,
757 2105 1008 2191 ἐπεξελθόντων

46 2211 82 2280 δὲ
110 2215 181 2280 τῶν
213 2216 410 2299 Φιδηναίων
437 2209 602 2281 συνάπτει
627 2209 709 2299 πρός
740 2207 862 2290 αύτούς
887 2204 1007 2299 μάχην.
1026 2229 1059 2279 20

45 2319 212 2403 καρτεροῦ
227 2313 264 2383 δὲ
277 2310 406 2401 άγοῐνος
418 2315 604 2405 γενομένου
620 2315 676 2384 καὶ
689 2318 822 2383 πολλῶν
836 2311 1009 2383 πεσόντων

46 2413 110 2505 ἀφ’
139 2418 308 2505 ἑκατέρων
334 2413 538 2507 ἡσσηθέντες
564 2421 600 2487 οί
625 2420 804 2503 Φιδηναῖοι
832 2417 1008 2504 τρέπονται

46 2517 129 2609 πρὸς
149 2516 285 2607 φυγὴν,
316 2515 390 2589 ὁδ’
411 2522 448 2590 ἐκ
470 2518 572 2603 ποδός
602 2522 867 2589 συνακολουθῶν
895 2513 1009 2599 αύτοις

46 2627 280 2693 συνεισπίπτει
300 2637 369 2703 τοῖς
391 2621 578 2711 φεύγουσιν
599 2626 646 2701 είς
662 2618 700 2690 τό
723 2634 838 2707 τεῖχος.
864 2615 1009 2745 ἁλούσης
1113 2682 1118 2694 ,

47 2725 84 2795 δὲ
105 2729 165 2813 τῆς
185 2722 312 2804 πόλεως
332 2727 365 2807 ἐξ
394 2724 522 2812 ἐφόδου
545 2722 817 2815 τιμωρησάμενος
836 2724 869 2806 ἐξ
897 2719 1009 2793 αύτων
1026 2735 1058 2787 25

46 2825 182 2913 ὀλίγους
197 2829 253 2897 καὶ
272 2825 445 2951 φυλακην
443 2830 481 2897 ἐν
494 2856 534 2917 τη
520 2825 646 2897 πόλει
659 2831 860 2915 τριακοσίων
873 2822 1009 2917 ἄνδρων

47 2928 244 3001 καταλιπων
261 2936 319 3019 τῆς
337 2957 373 3001 τε
398 2958 507 3019 χωρας
530 2943 653 3038 μοῖραν
678 2924 941 3019 άποτεμόμενος,
967 2924 1009 3017 ἢν

47 3036 298 3121 τοίςσφετέροις
313 3030 479 3119 διείλεν,’
460 3040 619 3105 αποικίαν
632 3028 778 3121 ἐποίησε
775 3038 941 3118 Ρωμαίων
953 3029 1010 3097 καὶ

47 3136 175 3225 ταύτην
195 3134 256 3225 τὴν
275 3135 385 3207 πόλιν.
424 3127 468 3227 ἦν
490 3136 527 3207 δέ
541 3133 712 3225 Ἀλβανῶν
733 3133 905 3213 ἀπόκτισις
925 3126 1009 3199 κατά

48 3238 107 3310 τὸν
120 3236 225 3309 αὐτὸν
237 3244 426 3311 οἰκισθεῖσα
439 3244 613 3335 Νωμεντῷ
624 3266 659 3308 τε
674 3236 1008 3325 καλΚρουστομερείρι
1026 3246 1060 3301 ³0

49 3342 172 3432 χρόνον
198 3370 303 3433 τριων
327 3340 488 3430 άδελφων
509 3346 567 3431 τῆς
596 3338 750 3419 άποικίας
775 3334 1007 3427 ἡγησαμένων,

51 3436 99 3515 ὧν
111 3474 132 3517 ο
119 3441 372 3535 πρεσβύτατος
387 3442 450 3533 την
467 3444 620 3535 Φιδήνην
634 3450 772 3513 ἔκτισεν.
815 3548 852 3609 12

99 3574 179 3612 mol.
198 3576 218 3611 1.
