2367 3850
432 143 657 206 -B-
951 145 1007 208 181

51 308 229 385 ποιοῦντες
255 302 512 392 ἐκκλησιάζοντά
538 325 644 393 φασιν
669 300 774 374 αὐτόν
802 305 857 374 ἐπὶ
877 326 1015 393 στρατο·

49 411 163 478 πέδου
181 406 286 496 ζόφον
303 407 577 498 κατασκήψαντος
590 411 624 491 ἐξ
634 413 771 496 αἰθρίας
783 408 841 476 καί
853 412 1016 495 χειμῶνος
1062 463 1065 480 .

48 507 202 598 μεγάλου
222 513 488 600 καταρραγέντος
514 508 630 599 ἀφανῆ
650 511 887 598 γενέσθαικαὶ
913 536 1012 580 πεπι-

47 612 234 683 στεύκασιν
247 610 389 683 ἀπὸτοῦ
400 610 526 703 πατρὸς
537 610 656 702 ’Ἄρεος
668 613 727 684 τὸν
740 610 849 704 ἄνδρα
862 612 1012 702 ἀνηρπά-

47 726 152 785 σθαι·
167 721 204 785 οί
213 716 251 785 δὲ
261 713 303 784 τὰ
310 715 529 786 πιθανώτατα
539 714 727 805 γράφοντες
740 715 823 807 πρὸς
836 723 905 788 τών
914 723 1014 788 ίδίων
1030 735 1047 786 5

47 822 202 888 πολιτών
219 819 378 906 λέγουσιν
397 815 505 888 αὐτόν
524 816 723 890 ἀποθανεῖν.
762 826 874 892 αἰτίαν
893 821 931 890 δέ
955 825 1013 910 τῆς

16 919 255 1026 ,ἀναιρέσεως
274 918 381 992 αὐτοῦ
402 924 545 1010 φέρουσι
562 923 626 1012 τῆν
646 950 683 992 τε
701 920 824 1012 ἄφεσιν
843 928 911 993 τών
929 919 1011 1012 δμῆ-

47 1052 138 1110 ρων,
172 1021 232 1104 οὓς
258 1021 349 1111 παρά
373 1021 593 1095 Οὐιεντανῶν
618 1032 755 1113 ἔλαβεν,
788 1023 872 1096 ἀνευ
898 1031 1012 1114 κοινῆς

46 1127 186 1216 γνώμης
198 1130 385 1216 γενομένην
396 1126 487 1214 παρὰ
499 1125 538 1196 τδ
551 1127 690 1212 είωθδς,
706 1129 762 1198 καὶ
773 1126 810 1198 τδ
823 1129 939 1217 μηκέτι
953 1126 1013 1199 τὸν

47 1228 157 1299 αὐτὸν
171 1233 425 1319 προσφέρεσθαι
445 1231 570 1320 τρόπον
585 1248 655 1312 τοῖς
674 1228 903 1321 ἀρχαιοτάτοις
917 1240 1010 1302 πολί-
1031 1251 1063 1304 10
1134 1277 1139 1290 «

47 1361 120 1413 ταις
140 1336 289 1413 καὶτοῖς
306 1334 550 1423 προςγράφοις,
573 1331 659 1404 ἀλλὰ
683 1331 762 1416 τοδς
783 1334 845 1422 μὲν
870 1337 908 1404 έν
933 1339 1012 1423 τιμῆ

12 1443 182 1506 θαλείονι
202 1433 316 1523 ἀγειν,
335 1441 406 1507 τοῖν
427 1435 462 1506 δ’
478 1439 746 1524 έπειςαχθέντων
766 1432 954 1524 ὑπερορᾶν,
975 1436 1014 1506 τό

47 1567 82 1608 τε
108 1536 205 1628 ώμδν
230 1538 337 1609 αάτοῦ
361 1543 439 1628 περὶ
461 1539 522 1622 τὰς
550 1547 709 1628 τιμωρίας
733 1543 803 1608 τών
828 1541 1011 1628 ἐξαμαρτα-

48 1642 183 1712 νόντων
194 1644 251 1711 καὶ
260 1641 423 1731 αὔθαδες,
436 1639 623 1732 (Ῥωμαίων
633 1641 697 1730 γάρ
707 1669 800 1723 τινας
811 1643 865 1712 ἐπὶ
876 1651 1012 1734 ληστείςι

48 1750 117 1814 τών
129 1745 372 1834 πλησιοχώρων
392 1748 686 1835 κατηγορηθέντας
702 1743 780 1814 οὔτε
793 1742 935 1834 ἀφανεῖς
947 1742 1010 1814 ἀν·
1030 1767 1062 1820 15

50 1854 132 1935 δρας
148 1844 227 1916 οὔτε
246 1847 382 1937 ὀλίγους
401 1851 578 1920 ἐκέλευσεν
590 1839 675 1919 όσαι
689 1845 773 1918 κατὰ
782 1854 843 1919 τοῦ
860 1853 1012 1938 κρημνοῦ

49 1951 109 2040 τῆν
124 1957 227 2039 δίκην
239 1950 339 2033 αὐτὸς
351 1952 453 2043 μόνος
466 1952 617 2037 δικάσας)
631 1953 773 2045 μάλιστα
790 1953 826 2023 δὲ
841 1950 893 2023 ὅτι
906 1950 1014 2042 βαρὺς

48 2053 111 2144 ῆδη
130 2056 191 2123 καὶ
207 2053 363 2144 αὐθάδης
381 2055 469 2126 εἶναι
488 2055 599 2126 έδόκει
620 2059 677 2127 καί
697 2054 759 2145 τῆν
778 2054 884 2145 ἀρχὴν
899 2053 1012 2125 οὐκέτι

49 2162 233 2245 βασιλικοῖς
244 2157 329 2229 ἀλλά
341 2157 633 2249 τυραννικώτερον
646 2156 785 2247 ἐξάγειν.
821 2158 877 2229 διά
890 2157 1012 2238 ταύτας

49 2261 90 2349 δῆ
109 2261 250 2349 λέγουσι
265 2259 328 2343 ’τάς
344 2267 453 2343 αίτίας
471 2260 658 2341 συστάντας
677 2259 729 2331 ἐπ’
747 2259 839 2353 αὐτῷ
854 2259 931 2341 τοὺς
946 2286 1009 2331 κα·
1029 2284 1062 2333 ²0

48 2371 199 2451 τρικῖους
211 2370 392 2453 βουλεῦσαι
405 2364 465 2434 τὸν
477 2364 603 2453 φόνον,
617 2368 739 2454 πρᾶξαι
754 2364 792 2435 δὲ
804 2362 841 2433 τὸ
856 2371 955 2453 ἔργον
975 2367 1012 2433 έν

48 2472 93 2558 τῷ
114 2474 346 2560 βουλευτηρίῳ
372 2469 429 2536 καί
450 2468 622 2548 διελόντας
643 2466 683 2547 τό
705 2475 799 2556 σώμα
823 2464 908 2537 κατὰ
928 2467 1013 2555 μέρη

48 2566 149 2657 χάριν
161 2576 222 2639 τοῦ
235 2569 281 2659 μῆ
298 2575 449 2659 φανῆναι
460 2567 521 2641 τόν
539 2568 662 2660 νεκρὸν
678 2574 830 2653 ἐξελθεῖν
843 2569 1011 2659 κρύπτον-

48 2699 105 2753 τας
132 2668 201 2741 &aa
222 2688 295 2752 ταῖς
313 2680 506 2762 περιβολαῖς
525 2670 607 2744 ὅσον
629 2677 766 2755 ἕκαστος
791 2673 880 2762 εἶχεν
906 2670 1014 2745 αὐτοῦ

49 2779 151 2863 μέρος
174 2777 232 2845 καὶ
244 2774 326 2863 μετὰ
340 2782 438 2845 τοῦτο
459 2782 504 2865 γῆ
519 2777 646 2866 κρύψαι
660 2774 744 2846 κατὰ
757 2775 795 2847 τδ
814 2774 951 2866 ἀφανές.
980 2782 1015 2847 οί
1029 2792 1062 2843 25

51 2875 84 2946 δ’
100 2879 359 2966 ἐκκλησιάζοντα
370 2879 433 2968 μὲν
445 2876 551 2949 αὐτόν
564 2900 670 2968 φασιν
683 2876 751 2950 ὑπὸ
768 2886 838 2953 τών
856 2887 1011 2951 νεοπολι-

50 2986 119 3051 τών
141 2978 311 3069 Ῥωμαίων
335 2978 575 3071 ἀναιρεθῆναι,
603 2984 808 3073 ἐπιχειρῆσαι
835 2981 868 3053 δ’
890 2980 1013 3061 αὐτοὺς
1123 2996 1127 3007 ’

51 3089 98 3175 τῷ
111 3081 210 3176 φόυφ
223 3083 356 3155 καθ’δν
367 3085 490 3174 χρόνον
502 3082 524 3175 ῆ
537 3085 618 3175 ζάλη
632 3090 689 3157 καὶ
701 3086 738 3157 τὸ
752 3087 867 3167 σκότος
881 3088 1013 3172 ἐγένετο

10 3198 38 3252 οῖ
54 3192 356 3269 διασκεδασθέντος
387 3192 424 3258 ἐκ
446 3194 505 3277 τῆς
531 3192 706 3277 ἐκκλησίας
735 3194 795 3258 τοῦ
822 3189 930 3275 δήμου
956 3189 1013 3255 καί

53 3293 266 3377 μονωθέντος
288 3297 346 3381 τῆς
367 3296 522 3380 φυλακῆς
540 3297 601 3362 τοῦ
626 3288 798 3382 ἡγεμόνος.
839 3287 896 3359 διά
914 3290 1013 3358 τοῦτο
1030 3308 1064 3361 ῖο

53 3399 138 3480 γοῦν
163 3418 248 3482 φασι
274 3393 336 3483 τῆν
353 3391 481 3485 ἡμέραν
501 3385 582 3485 ένῆ
608 3392 645 3465 τὸ
667 3393 776 3473 πάθος
797 3394 930 3480 ἐγένετο
955 3396 1014 3479 τῆς

53 3502 178 3588 τροπῆς
199 3503 261 3569 τοῦ
274 3496 427 3588 πλῆθους
446 3496 626 3586 ἐπώνυμον
645 3494 731 3565 εἶναι
757 3496 812 3565 καί
833 3496 928 3583 μέχρι
946 3498 1015 3563 τῶν
