2367 3850
403 142 636 205 -B-
833 146 854 159 ’“
945 143 1003 207 121

41 300 84 373 ὅτι
101 306 226 375 πολλαὶ
246 304 318 394 μὶν
338 297 485 375 ἀποικίαι
498 302 641 435 μεγάλαι
659 304 717 375 καλ
737 308 787 385 είς
805 299 1007 405 εῦδαίμονας

36 402 241 496 α’φικάμεναι
256 406 446 494 τόπους,α
425 408 514 478 αί
479 436 541 497 μευ
560 405 682 479 αῦτίκα
703 394 944 535 διεφθάρησαν
959 416 1007 490 είς

37 510 163 591 στάσεις
177 514 411 599 ἐμπεσοῦσαι,
431 515 470 581 αέ
481 508 515 581 δ’
530 510 646 601 ὀλίγον
658 508 873 600 ἀντισχοῦσαι
882 511 1007 599 χρόνον

19 610 173 702 ιάιτήκοοι
201 630 279 695 τοῖς
302 606 543 705 πλησιοχώροις
561 612 826 705 ἡναγκάσθησαν
846 610 1006 702 γενέσθω

34 720 84 787 καὶ
97 714 178 787 ἀντὶ
190 726 389 805 κρείττονος
402 717 527 808 χώρας,
540 716 584 809 ἣν
602 715 832 805 κατέσχον,
796 746 859 807 την
871 726 1006 843 χείρονα
1021 732 1040 784 ο

34 821 133 909 τύχην
148 820 409 904 διαλλάξασθαι
421 826 541 893 δοῦλαι
555 825 589 905 ἐξ
606 824 800 911 έλευθάρων
811 821 1007 910 γενόμεναι·

34 927 144 1012 ἕτεραι
157 921 194 993 δ’
214 921 474 1014 ὀλιγάνθρωποι
487 927 542 995 καὶ
561 931 610 1006 είς
622 930 728 1014 χωρία
740 920 782 994 ού
795 924 887 995 πάνυ
898 946 1005 995 σπου·

35 1034 110 1097 δισα
131 1028 417 1117 παραγενόμεναι
439 1028 618 1119 ἐλεύθεραι
640 1028 704 1117 μὲν
723 1032 875 1115 πρῶτον,
893 1036 1007 1099 ἔπειτα

37 1127 67 1199 δ’
82 1126 398 1227 ἑτέρωνζάρχονσαι
412 1134 619 1205 διετέλεσαν·
632 1133 690 1201 καὶ
702 1128 782 1201 οῦτε
794 1146 868 1212 ταις
881 1128 1004 1217 εῦπρα·

37 1241 121 1321 γίαις
141 1239 219 1304 τῶν
239 1232 365 1323 ὀλίγων
387 1231 465 1307 οῦτε
484 1250 557 1317 ταῖς
577 1240 771 1323 δυστυχίαις
789 1239 859 1304 τῶν
871 1239 1008 1305 πολλῶν
1024 1251 1058 1303 ιο

40 1336 153 1425 ἕτερόν
172 1364 210 1407 τι
227 1335 301 1428 ἦτὸ
322 1334 430 1428 σχῆμα
443 1345 503 1428 τῆς
523 1346 691 1419 πολιτείας
704 1333 870 1427 ὑπάρχειν
886 1348 1006 1409 αίτιοκ.

42 1448 69 1510 τί
85 1441 149 1529 μὲν
170 1430 243 1511 οῦν
262 1450 321 1530 μία
342 1470 393 1523 τις
418 1434 463 1532 ἦν
482 1440 573 1532 παρὰ
591 1446 695 1513 πᾶσιν
713 1439 909 1533 ιἰνθράποις
928 1447 1008 1530 βίον

42 1542 125 1627 τάξις
144 1539 170 1633 ἡ
184 1550 335 1616 ποιοῦσα
355 1542 557 1635 εὐδαίμονας
575 1542 635 1626 τὰς
654 1544 783 1633 πόλεις,
802 1542 845 1615 ού
858 1542 1008 1637 χαλεπὴν

44 1644 81 1717 ἂν
102 1644 274 1734 γενέσθαι
299 1656 396 1736 σφίσι
417 1648 478 1739 τὴν
498 1654 630 1739 αἵρεσιν
653 1645 773 1739 αὐτῆς·
799 1652 866 1718 νῦν
893 1645 926 1718 δ’
943 1656 1008 1737 έφη

46 1749 166 1832 πολλάς
180 1752 427 1824 πυνθάνεσθαι
439 1752 497 1833 τάς
511 1749 718 1831 κατασκευάς
730 1747 959 1842 παρ’Ἕλλησί
971 1777 1007 1821 τε
1025 1770 1059 1823 1ο

47 1857 97 1924 ταὶ
110 1856 301 1945 βαρβάροις
313 1850 546 1944 ὑπαρχούσας,
561 1872 651 1946 τρεῖς
664 1853 698 1926 δ’
712 1857 747 1938 έξ
759 1852 901 1929 ἁπασῶν
912 1859 1006 1927 έπαι-

50 1962 213 2048 νουμένας
231 1959 371 2048 μάλιστα
389 1957 455 2030 ὑπὸ
477 1965 547 2030 σοῖν
567 1961 750 2050 χρωμένων
767 1957 923 2046 άτιούειν,
951 1961 1008 2030 καί

50 2061 175 2130 τούτων
213 2060 378 2152 οὐδεμίαν
411 2063 499 2134 εἶναι
528 2069 597 2134 των
623 2068 804 2140 πολιτειῶν
833 2067 1009 2152 εἰλικρινῆ,

51 2180 223 2254 προσεῖναι
244 2168 284 2235 δέ
302 2194 395 2248 τινας
416 2166 536 2258 ἑκάστη
555 2172 661 2256 κῆρας
680 2166 894 2254 συμφύτους,
924 2163 1010 2235 ὥστε

49 2266 197 2358 χαλεπὴν
216 2265 331 2340 αῦτάν
349 2269 435 2342 εἶναι
456 2268 517 2360 τὴν
535 2275 678 2360 αἵρεσιν.
714 2266 810 2359 ἠξίου
826 2296 863 2338 τε
888 2264 1011 2350 αῦτοῦς
1027 2289 1063 2344 γε

51 2374 345 2462 βουλευσαμένους
361 2376 417 2444 έπλ
430 2379 548 2463 σχολῆς
567 2379 678 2444 εἰπεῖν
688 2382 759 2442 ελτε
775 2368 837 2460 ὑφ’
856 2370 932 2452 ἑνὸς
948 2368 1009 2458 άρ-

52 2485 168 2561 χεσθαι
187 2480 351 2548 θέλουσιν
366 2475 489 2566 ἀνδρὸς
508 2487 575 2548 είτε
588 2472 649 2546 ὑπ’
665 2471 793 2562 ὀλίγων
803 2485 872 2544 εἴτε
884 2474 1026 2562 νόμους·

53 2579 336 2668 καταστησάμενοι
363 2585 467 2650 πᾶσιν
493 2577 682 2651 άποδοῦυαι
707 2583 769 2668 τῆν
793 2583 864 2648 τῶν
885 2583 1012 2648 κοινοῦν

19 2689 216 2768 ῦπροστασί
214 2693 264 2752 α’ν.
282 2679 365 2770 Ἐγδ
379 2680 411 2753 δ’
427 2679 527 2772 ῦμῖυ
544 2691 628 2772 ἔφη,
643 2677 1011 2806 πρόςῆνάνιιαταστή-

55 2797 157 2871 σησθε
180 2793 351 2857 πολιτείαν
378 2785 540 2876 εύτριπὴς
565 2789 622 2856 καὶ
645 2782 725 2856 οῦτε
747 2782 864 2874 ἄρχειν
881 2782 1012 2870 άπαξιω
1027 2799 1062 2853 νο

55 2885 130 2957 οὔτε
144 2886 311 2978 ἄρχεσθαι
324 2887 515 3012 ἀναίνομαι.
536 2895 642 2978 τιμάν
657 2886 742 2976 δὲ,”
720 2917 760 2970 τις
772 2917 828 2979 μοι
840 2887 1011 2977 προσεθή-

56 3018 130 3060 κατε
153 2989 303 3114 ἡγεμόνμ
316 3021 358 3082 με
377 2998 512 3080 πρῶτον
526 2941 816 3074 άποδείξαύτες
774 3019 832 3082 της
846 2989 1013 3074 άποικίπς,

57 3101 166 3164 ἔπειτα
180 3097 294 3164 τιαλ
254 3123 295 3184 τη
315 3096 409 3167 πόλει
425 3096 489 3185 τὴν
508 3099 704 3183 ἐπωνυμίαν
717 3092 770 3166 ἐπ’
787 3099 870 3184 ἐμοῦ
881 3097 1012 3176 θέντες,
1094 3169 1098 3176 ,

57 3192 126 3278 άλις
149 3205 224 3285 ἔχω.
264 3198 386 3280 ταύτας
406 3198 469 3288 γὰρ
484 3197 562 3269 σύτο
581 3195 757 3286 πόλεμος
737 3196 914 3285 υπερόριος
934 3193 1012 3264 οὔτε

59 3299 167 3379 στάσις
179 3301 340 3390 ἐμφύλιος
352 3300 430 3372 οῦτε
444 3299 462 3373 ὁ
474 3303 582 3372 πάντα
596 3308 770 3392 μαραίνων
782 3298 823 3367 τά
836 3297 922 3367 καλά
933 3296 1010 3384 χρύ·
1028 3315 1063 3370 θ)

59 3429 111 3482 νος
125 3399 348 3492 ἀφαιρήσεταί
363 3434 404 3495 με
418 3404 496 3476 οῦτε
509 3404 595 3493 άλλη
606 3405 689 3491 τύχη
703 3406 901 3488 παλίγκοτος
913 3397 1010 3470 οῦδε-

61 3511 129 3592 μία·
150 3501 233 3577 ἀλλὰ
251 3509 308 3580 καί
329 3515 426 3594 ζῦντι
448 3507 580 3580 καὶτὸν
600 3513 678 3594 βίον
692 3502 862 3575 ἐκλιπόντι
882 3502 1012 3576 τούτων
