2367 3850
423 133 468 148 ·-
522 101 551 164 B
605 133 650 146 -
830 193 835 204 1
943 107 1002 170 147

8 215 123 330 λόσον
139 254 317 350 δνχρόνον
336 255 451 352 ἠίθεοι
468 262 634 352 μένωσιν,
654 267 691 334 οί
707 262 746 334 δέ
764 264 860 355 μέχρι
877 270 937 356 τῆς
955 276 1004 350 είς

31 361 75 431 τά
95 360 216 452 άρχεῖα
236 363 277 434 τὰ
291 364 433 453 δημόσια
453 369 639 454 ἐγγραφῆς,
658 361 704 446 ὥς
722 369 760 437 ίκ
773 372 831 457 τῆς
844 367 1002 452 Σόλωνος

31 473 241 554 νομοθεσίας
271 465 330 536 ι’ῖαλ
355 473 529 537 Πιττακοῦ
550 470 608 538 καλ
641 468 829 556 Χαρώνδου
859 477 1000 560 ἔμαθον,

30 563 82 648 οἷς
102 567 213 657 πολλὴ
226 587 443 657 μαρτυρεῖται
460 577 580 658 σοφία·
598 577 758 659 τιμωρίας
777 599 814 642 τε
834 571 918 644 κατὰ
930 579 999 644 τοῖν

31 677 171 740 παίδων
190 675 324 759 ἔταξαν,
342 671 402 743 έδν
414 670 584 744 ἀπειθῶσι
597 687 667 756 τοῖς
682 673 863 761 πατράσιν,
880 673 922 744 οὐ
935 685 997 764 βα-
1015 691 1033 744 σ

31 780 128 862 ρείας
151 775 304 856 ἐξελάσαι
328 781 387 864 της
413 782 521 856 οίκίας
543 778 781 863 ἐπιτρίψαντες
799 773 922 858 αὐτοὺς
942 781 999 850 καὶ

29 877 187 965 χρήματα
200 876 246 966 μὴ
257 888 471 965 καταλιπεῖν,
486 880 672 966 περαιτέρω
688 879 726 949 δὲ
739 877 850 950 οὐδέν.
883 883 948 952 είσλ
963 880 997 952 δ’

28 977 91 1066 οὐχ
107 981 225 1048 ίκαυαλ
238 996 416 1069 κατασχεῖν
432 977 554 1051 ἄνοιαν
565 981 720 1071 νεότητος
738 984 795 1052 καλ
808 979 999 1056 αὐθάδειαν
1115 999 1117 1005 ’

28 1082 170 1170 τρόπων
183 1079 259 1151 οὐδ’
277 1089 325 1165 είς
337 1083 376 1153 τό
389 1089 530 1172 σῶφρον
548 1081 690 1172 άγαγεῖν
703 1083 782 1166 τοὺς
795 1083 998 1175 ἠμεληκότας

28 1191 99 1254 τῶν
113 1190 232 1253 καλεῖν
242 1189 280 1254 αί
290 1190 437 1276 μαλακαί
455 1193 628 1274 τιμωρίαι·
653 1187 819 1278 τοιγάρτοι
833 1188 941 1259 πολλά
959 1193 997 1259 έν
1015 1204 1049 1258 1⁰

22 1285 185 1375 Ἕλλησιν
196 1283 264 1357 ὑπό
281 1292 411 1359 τέκνων
423 1294 472 1369 είς
489 1291 634 1378 πατέρας
652 1287 896 1378 ἀσχημονεῖται.
914 1288 942 1363 ό
958 1293 997 1367 δέ

29 1395 96 1459 τόν
111 1386 285 1478 Ῥωμαίων
310 1394 496 1479 νομοθέτης
518 1389 654 1461 άπασσν
674 1389 719 1472 ὥς
740 1397 848 1463 εἰπεῖν
870 1399 997 1465 ἔδωκεν
1098 1407 1101 1414 ’

30 1495 190 1575 ἐξουσίαν
217 1496 318 1581 πατρὶ
335 1491 421 1572 καθ’
434 1498 513 1563 υίοῦ
538 1496 597 1562 καὶ
617 1492 707 1583 παρὰ
728 1493 839 1564 πάντα
856 1495 917 1567 τὸν
936 1503 997 1567 τοῦ

31 1602 109 1681 βίον
129 1594 271 1682 χρόνον,
292 1594 354 1666 ἐάν
374 1623 411 1666 τε
430 1607 574 1684 εἴργειν,
590 1597 649 1666 έάν
662 1623 698 1665 τε
711 1603 913 1684 μαστιγοῦν,
937 1600 997 1670 έάν

30 1725 64 1766 τε
92 1701 233 1786 δέσμιον
257 1700 314 1768 ἐπὶ
339 1704 410 1768 των
443 1695 520 1768 κατ’
548 1695 655 1787 άγρόν
686 1705 796 1786 ἔργων
832 1704 994 1789 κατέχειν,
1013 1715 1046 1770 1⁸
1161 1737 1167 1746 ¹

30 1799 89 1868 έάν
109 1827 148 1870 τι
179 1798 423 1872 ἀποκτιννύναι
444 1808 663 1892 προαιρῆται,
686 1796 751 1872 κᾶν
775 1799 818 1871 τὰ
843 1802 998 1876 πολιτικά

31 1902 189 1989 πράττων
209 1900 228 1973 ό
251 1919 330 1986 παῖς
357 1901 424 1994 ἤδη
449 1904 598 1994 τυγχάνῃ
628 1899 693 1977 κάν
716 1908 754 1976 έν
780 1901 896 1995 άρχαῖς
921 1921 996 1991 ταῖς

31 2016 201 2094 μεγίσταις
236 2008 464 2096 ἐξεταζόμενος
487 2002 554 2077 κάν
580 2008 637 2077 διὰ
670 2006 734 2097 τὴν
757 2014 806 2088 είς
832 2008 873 2079 τὰ
896 2011 995 2080 κοινὰ

32 2117 225 2198 φιλοτιμίαν
250 2109 501 2199 ἐπαινούμενος.
540 2109 625 2181 κατά
648 2108 774 2179 τοῦτόν.
799 2113 840 2197 γέ
858 2138 910 2182 τοι
935 2111 995 2181 τὸν
1024 2184 1028 2195 ,

9 2210 134 2333 ῖνόμον
155 2209 280 2299 ἄνδρες
304 2217 480 2299 ἐπιφανεῖς
507 2218 712 2333 δημηγορίας
737 2212 914 2295 διεξιόντες
939 2216 995 2284 έπλ
1011 2232 1046 2284 2⁰

30 2342 96 2383 των
115 2314 284 2411 έμβόλων
290 2317 444 2395 ἐναντίας
464 2315 527 2404 μέν
548 2343 589 2405 τη
577 2320 735 2404 βουλῇ,
755 2318 995 2404 κεχαρισμένας

31 2417 158 2497 δὲτοῖς
178 2424 386 2506 δημοτικοῖς,
413 2424 470 2488 καί
492 2420 626 2506 σφόδρα
655 2414 912 2506 εὐδοκιμοῦντες
938 2420 995 2489 έπλ
1076 2456 1085 2465 „

31 2520 166 2600 ταόταις
165 2516 506 2601 κατασπασθέντες’
486 2518 553 2589 απὸ
565 2548 627 2589 του
611 2516 994 2609 βήματοςάκήχθησαν

31 2617 93 2691 όπό
104 2650 177 2692 των
182 2620 381 2709 πατέρων,“
358 2650 402 2712 ην
415 2617 459 2692 άν
473 2626 613 2702 ἐκείνοις
627 2648 720 2710 φανχ
705 2624 895 2709 τιμωρίαν
907 2619 993 2711 ὑφέ-

32 2727 156 2805 ξοντες
178 2752 238 2805 ους
257 2723 490 2813 ἀπαγομένους
504 2722 560 2794 διά
580 2730 639 2813 τῆς
659 2722 782 2811 άγοράς
800 2719 972 2806 οὐδείς’
924 2752 995 2797 των
1010 2746 1044 2799 ῖῖ
1174 2786 1178 2809 ,

33 2830 407 2913 παρόντωνέξελέσδαι
429 2816 622 2906 δυνατός
600 2854 643 2914 ην
668 2822 746 2895 οὔτε
766 2822 892 2909 ὕπατος
914 2822 1003 2899 οὔτε

34 2927 253 3017 δήμαρχος”
209 2956 288 3001 ουτε
302 2958 322 2998 ο
308 2926 601 3030 ’κολακευόμενος
613 2924 675 2998 ὑπ’
688 2926 800 2999 αὐτων
812 2932 869 2999 καὶ
881 2935 994 3001 πάσαν

34 3035 183 3127 ἐξουσίαν
203 3031 329 3102 ἐλάττω
348 3038 406 3121 τῆς
421 3014 511 3111 ίδίας
531 3031 619 3101 είναι
638 3039 783 3119 νομίζων
803 3028 908 3118 όχλος.
949 3035 994 3101 έω

34 3133 92 3222 γὰρ
105 3122 257 3261 λέγειν”
237 3156 338 3216 οσονς
356 3133 557 3205 ἀπέκτειναν
570 3138 605 3202 οἱ
615 3136 754 3221 πατέρες
768 3130 928 3220 άνδρας’
909 3160 992 3220 αγα-

34 3234 113 3318 δοδς
131 3233 195 3307 ὑπ’
212 3234 333 3326 άρετης
346 3241 402 3308 καλ
419 3239 649 3324 προθυμίας”
628 3237 745 3321 ετερόν
763 3264 795 3303 τι
810 3235 994 3321 διαπράξει·
1011 3256 1046 3308 30

34 3350 110 3409 σθαι
130 3348 231 3427 ἔργον
244 3356 404 3439 γενναῖον
423 3336 713 3426 προαχθέντας,“
694 3366 713 3408 ο
735 3366 780 3426 μη
767 3336 995 3422 προςέταξαν

35 3439 141 3525 αὐτοῖς
153 3448 190 3511 οί
202 3431 359 3531 πατέρες,
373 3441 532 3530 καθάπερ
545 3443 769 3511 ίπλΜαλλίου
784 3437 1021 3523 Τορκουάτου

685 3556 690 3567 '
779 3548 842 3609 10*
