2367 3850
153 86 207 151 3ο
516 80 973 146 -Α-·

154 267 229 317 ονσι
239 244 302 335 γάρ
315 259 384 325 τοῖς
397 242 539 333 ἀληθέσι
551 250 679 335 μᾶλλον
692 243 821 316 ἐοικότα
835 246 947 333 λέγειν
959 248 994 315 οί
1003 250 1115 335 μηδα·
1135 243 1173 305 ¹19}

155 350 261 439 μόθεν
282 346 483 435 ἀφιγμένον,
505 344 582 419 ἀλλ’
598 349 776 437 ἐπιχώριον
794 346 834 417 τό
848 354 947 427 ἔθνος
966 346 1119 437 άτιοφαί·

155 479 279 534 νοντες,
294 450 409 540 ἐπειδή
419 450 557 559 άρχαβόν
569 480 605 521 τε
619 452 709 521 πάνυ
723 455 779 522 καί
791 448 908 521 ούδενὶ
921 450 1011 547 άλλφ
1024 454 1121 539 γένει

69 586 71 591 ·
156 553 232 625 ούτε
255 550 469 643 ὁμόγλωσσον
488 552 565 625 ούτε
585 552 777 644 ὁμοδίαιτον
795 551 992 642 εὑρίσκεται.
1028 551 1119 625 αἰνο-
1172 577 1173 636 1

122 659 285 749 ομάσθαι
309 655 342 727 δ’
358 654 600 747 ὑφ’Ἐλλήνων
619 656 701 729 αύτὸ
719 663 761 749 τή
782 664 988 749 προσηγορίᾳ
1010 659 1120 746 ταύτῃ

84 767 89 792 ’
156 760 259 833 οὐδὲν
275 760 417 847 κωλύει,
442 762 498 831 καί
519 760 574 831 διὰ
587 759 645 842 τάς
658 764 695 831 ἐν
708 777 780 842 ταῖς
792 761 950 849 τύρσεσιν
970 761 1120 851 οἰκήσεις

156 868 211 936 καὶ
236 860 292 933 ἄπ’
314 862 440 953 άνδρδς
457 864 635 935 δυνάστου.
678 860 830 953 Ῥωμαῖοι
859 867 974 953 μέντοι
999 862 1121 944 άλλαις

157 964 238 1038 αύτὸ
258 966 565 1056 προσαγορεύουσιν
585 966 794 1056 ὀνομασίαις·
820 966 960 1055 καὶγὰρ
980 970 1035 1036 ἐπὶ
1057 972 1121 1055 τῆς
1172 995 1173 1056 χ

156 1071 280 1161 χώρας,
302 1073 339 1140 ἐν
353 1060 375 1161 ή
389 1096 468 1139 ποτε
487 1068 639 1166 ᾤκησαν,
655 1066 846 1158 Ἑτρουρίας
865 1091 1118 1158 προσαγορευο-
1172 1059 1174 1066 ί

107 1188 140 1241 10
157 1176 257 1264 μόνης
266 1169 483 1261 Ἑτρούσκους
500 1179 640 1257 καλοῦσι
659 1174 737 1255 τούς
750 1171 969 1259 ἀνθρώπους·
989 1176 1045 1243 καὶ
1062 1176 1121 1243 ἐπὶ
1172 1215 1173 1232 1

100 1363 106 1378 „
156 1284 214 1368 τής
233 1272 403 1366 ἐμπειρίας
422 1283 490 1347 τοῖν
509 1279 586 1366 περὶ
603 1275 644 1346 τά
657 1287 736 1347 θεῖα
757 1277 947 1366 σεβάσματα
962 1279 1119 1363 λειτουρ-
1172 1295 1173 1310 ’

156 1386 255 1469 γιων,
270 1384 491 1468 διαφέροντας
505 1388 551 1461 είς
560 1377 666 1469 αύτήν
680 1383 812 1468 ἑτέρων,
824 1386 890 1450 νῦν
903 1382 1017 1469 μέντοι
1030 1377 1119 1449 άσα-
1172 1375 1173 1382 ¹

157 1486 343 1569 φέρτερον,
362 1482 524 1572 πρότερον
552 1480 584 1553 δ’
601 1478 819 1572 άκριβούντες
835 1479 982 1573 τούνομα
1001 1480 1120 1571 ὥσπερ

146 1584 303 1674 Ἕλληνες
323 1586 512 1667 Θυοσκόους
526 1587 685 1657 ἐκάλουν·
708 1585 804 1657 αὐτοὶ
818 1588 932 1675 μέντοι
945 1590 1032 1674 σφᾶς
1053 1583 1118 1655 αύ-
1135 1604 1165 1657 80

106 1705 138 1757 15
156 1686 235 1769 τούς
241 1690 297 1759 ίπλ
309 1695 376 1758 τῶν
391 1678 564 1778 ήγεμόνων
573 1685 824 1775 τινδςῬασίννα
836 1688 896 1759 τόν
909 1686 1013 1759 αὐτόν
1027 1692 1118 1770 ἐκεί-

155 1820 205 1883 νω
224 1790 348 1878 τρόπον
368 1788 574 1881 ὀνομάζουσι.
606 1794 719 1872 πόλεις
743 1794 780 1863 δὲ
794 1790 926 1872 άςτινας
940 1790 1069 1884 ᾤκισαν
1085 1798 1131 1865 οί,
1156 1792 1161 1803 ’

160 1894 345 1982 Τυρρηνοὶ,
364 1896 422 1964 καὶ
434 1896 685 1984 πολιτευμάτων
703 1894 855 1976 ούςτινας
870 1895 1120 1985 κατεστήσαντο

156 1997 327 2086 κόσμους,
340 1997 484 2086 δύναμίν
499 2026 534 2068 τε
556 1996 684 2087 ὁπόσην
701 2000 739 2068 οί
749 1999 937 2088 σύμπαντες
954 2001 1011 2069 καὶ
1030 2005 1119 2087 ἔργα

156 2113 190 2172 εί
206 2129 281 2170 τινα
298 2101 427 2190 μνήμης
446 2100 520 2184 άξια
541 2105 778 2190 διεπράξαντο,
798 2101 913 2190 τύχαις
927 2131 963 2172 τε
982 2099 1118 2182 ὁποίαις

38 2182 43 2207 ⁸
104 2221 138 2274 λθ
155 2203 352 2294 ἐχρήσαντο,
375 2208 412 2275 ἐν
432 2207 532 2298 ἑτέρῳ
556 2206 787 2295 δηλωθήσεται
809 2205 908 2298 λόγφ.
940 2205 979 2276 τό
999 2203 1032 2274 δ’
1048 2197 1116 2275 ούν

154 2305 366 2396 Πελασγικὸν
387 2313 514 2396 φύλου,
527 2305 620 2378 Ιὅσον
639 2308 683 2397 μή
704 2307 875 2397 διεφθάρη
895 2336 932 2378 τε
951 2307 1115 2380 καλκατά

154 2410 212 2492 τὰς
225 2408 378 2506 άποικίας
394 2410 598 2500 διεσπάσθη,
614 2415 758 2500 διέμεινε
773 2413 810 2481 δὲ
822 2410 937 2498 ὀλίγον
950 2410 1016 2482 άπὸ
1029 2421 1114 2481 πολ-

155 2518 232 2598 λού,
248 2513 329 2602 μετά
341 2520 408 2584 τάν
423 2512 644 2604 Ἀβοριγίνων
658 2514 916 2603 πολιτευόμενον
932 2520 971 2585 ἐν
983 2514 1116 2595 τούτοις

153 2613 343 2706 ὑπελείφθη
359 2633 427 2697 τοῖς
440 2625 591 2707 χωρίοις,
609 2615 696 2687 ὅπου
709 2616 773 2686 σύν
787 2618 895 2710 χρόνῳ
914 2617 977 2707 τήν
987 2613 1116 2706 Ῥώμην

104 2739 137 2791 25
155 2724 190 2788 οί
199 2727 331 2805 ἔκγονοι
344 2715 456 2789 αύτύν
470 2721 535 2790 σύν
548 2739 617 2802 τοῖς
631 2719 804 2810 Ἀλβανοῖς
818 2724 1024 2791 ἐπολίσαντο.
1055 2725 1114 2791 καὶ

155 2820 195 2890 τά
220 2821 282 2909 μὲν
302 2816 388 2908 ύπὲρ
408 2827 468 2891 τού
483 2831 669 2911 Πελασγῶν
688 2829 808 2912 γένους
832 2824 1114 2914 μυθολογούμενα

155 2925 269 2994 τοιάδε
285 2926 364 2992 ίστί.

230 3026 349 3098 XXXI.
371 3025 469 3096 Μετὰ
489 3028 527 3096 δὲ
547 3025 587 3097 ού
610 3027 719 3097 πολύν
737 3027 859 3116 χρόνον
878 3029 993 3109 στόλος
1012 3026 1112 3114 ἄλλος

149 3126 337 3219 Ἑλληνικός
352 3136 398 3210 είς
412 3137 516 3200 ταῦτα
529 3129 569 3198 τά
581 3139 686 3219 χωρία
700 3137 757 3219 της
765 3129 903 3213 Ἰταλίας
921 3132 1109 3220 κατάγεται,

101 3255 135 3309 30
153 3234 315 3326 ἑξηκοστῷ
334 3231 474 3321 μάλιστα
498 3240 563 3302 ἔτει
586 3233 749 3319 πρότερον
769 3239 838 3303 τῶν
863 3240 1039 3321 Τρωικῶν,
1063 3233 1110 3314 ὡς

152 3334 247 3415 αύτοδ
259 3335 407 3424 Ῥωμαῖοι
423 3342 597 3425 λέγουσιν,
615 3341 651 3406 ἐκ
666 3344 882 3407 Παλλαντίου
896 3338 1022 3419 πόλεως
1035 3335 1107 3423 Ἀρ-

144 3444 291 3528 καδικής
312 3437 463 3522 ἀναστάς.
497 3436 608 3530 ήγείτο
630 3442 666 3511 δὲ
685 3448 745 3533 τῆς
763 3438 916 3522 άποικίας
933 3439 1108 3532 Εὔανδρος
1123 3470 1153 3520 81
