2367 3850
179 81 240 146 128
536 81 764 142 -B-

177 253 247 316 τῶν
260 247 299 314 ἐκ
311 248 372 314 τοῦ
384 243 553 334 πλήθους,
565 239 607 313 δν
624 240 725 326 αὐτὸς
739 242 913 332 ἐβούλετο,
927 244 1047 332 νέμειν
1060 269 1140 334 προ-

178 348 319 437 στάτην,
345 355 425 428 ἔθος
446 344 642 437 Ἑλληνικόν
668 349 725 418 καί
746 345 902 454 ιἰρχαίογ,
930 339 956 440 ᾧ
982 355 1145 418 Θετταλοί

97 507 105 514 .
178 478 215 522 τε
234 455 328 540 μέχρι
348 455 475 521 πολλοῦ
493 448 659 540 χρεόμενοι
680 453 870 522 διετέλεσαν
890 452 947 521 καλ
968 447 1142 540 Ἀθηναῖοι

177 551 252 626 κατ’
268 551 385 643 άρχδς,
406 555 462 624 ἐπὶ
477 553 519 624 τά
536 563 675 643 κρείττω
695 553 819 642 λοβόν.
857 558 981 624 ἐκείνοι
994 555 1062 644 μὲν
1083 552 1143 642 γάρ

144 654 409 746 αόπεροπτικάς
434 659 579 746 έχρῶντο
608 673 676 738 τοῖς
706 657 862 738 πελάταις
896 667 977 748 ἔργα
1004 685 1044 728 τε
1074 661 1142 728 ἐπι·

58 803 64 812 ·
178 761 352 840 τάττοντες
371 756 412 829 ού
435 761 647 850 προσήκοντα
667 763 880 851 ἐλευθέροις,
903 763 960 832 καὶ
974 758 1081 832 ὁπότε
1104 757 1144 849 μή

100 878 103 888 ’
179 863 342 951 πράξειάν
354 890 387 932 τι
399 868 468 933 τόν
481 865 723 953 κελευομένων,
735 864 863 953 πληγάς
873 867 1084 945 ἐντείνοντες
1093 866 1144 934 καλ

178 959 283 1037 τᾶλλα
297 963 409 1055 ω”σπερ
427 964 678 1057 ἀργυρωνήτοις
699 967 965 1056 παραχρώμενοι.
1000 966 1171 1044 ἐλάλοννλ

181 1070 218 1142 δέ
229 1067 402 1160 Ἀθηναίοι
415 1069 478 1158 μέν
486 1076 593 1160 θῆτας
607 1069 683 1151 τούς
695 1071 838 1152 πελάτας
848 1073 902 1142 ἐπὶ
913 1077 970 1161 τῆς
980 1077 1143 1160 λατρείας,

131 1175 341 1275 1οΘεττμλολ
360 1174 400 1243 δὲ
419 1177 579 1255 πενέστας
600 1169 818 1258 ὀνειδίζοντες
839 1171 952 1256 αὐτοῖς
972 1172 1085 1256 εὐθὺς
1110 1177 1171 1244 ἐνλ

181 1284 222 1368 τῇ
240 1277 354 1365 κλήσει
374 1274 436 1369 τήν
447 1278 560 1366 τύχην.
588 1273 606 1346 δ
622 1277 660 1346 δὲ
669 1274 834 1366 Ῥωμύλος
847 1277 1018 1367 ἐπικλήσει
1033 1305 1073 1348 τε
1093 1275 1142 1347 εύ-

182 1397 305 1466 πρεπεί
327 1378 365 1451 τὸ
387 1387 524 1470 πρᾶγμα
547 1379 710 1470 ἐκόσμησε
739 1390 952 1468 πατρωνείαν
977 1377 1144 1468 ὀνομάσας

181 1482 244 1573 τήν
262 1490 331 1553 τόν
350 1483 510 1576 πενήτων
527 1485 584 1552 καί
603 1489 774 1554 ταπεινῶν
787 1490 1011 1572 προστασίαν,
1033 1486 1094 1554 καί
1108 1481 1143 1553 τά

182 1593 264 1678 ἔργα
283 1586 408 1677 χρηστά
429 1588 643 1676 προσέθηκεν
663 1589 847 1673 ἑκατέροις,
877 1587 1142 1677 φιλανθρώπους
1170 1611 1171 1640 ι

133 1709 165 1764 ιδ
181 1693 239 1762 καλ
251 1689 423 1771 πολιτικάς
435 1690 715 1778 κατεργαζόμενος
729 1687 843 1760 αὐτόν
851 1689 910 1771 τὰς
923 1697 1096 1778 συζυγίας.

257 1793 298 1862 X.
314 1785 378 1863 Ἦν
392 1794 429 1864 δέ
445 1791 487 1862 τά
499 1788 561 1862 ὑπ’
578 1796 710 1864 ἐκείνου
725 1793 798 1864 τότε
812 1789 993 1881 ὁρισθέντα
1013 1795 1074 1864 καλ
1088 1794 1140 1882 μέ·

180 1891 376 1987 χρι’πολλού
396 1903 647 1986 παραμείναντα
666 1896 789 1987 χρόνου
803 1893 973 1987 Ῥωμαίοις
989 1904 1057 1987 έθη
1071 1897 1143 1985 περὶ

181 1998 240 2081 τάς
254 2007 463 2090 πατρωνείας
476 1999 605 2071 τοιάδε·
618 1999 697 2083 τούς
710 2001 774 2090 μέν
787 2010 981 2090 πατρικίους
994 2006 1066 2072 ἔδει
1079 2014 1142 2080 τολς

181 2106 311 2174 ἑαυτόν
323 2100 481 2186 πελάταις
499 2107 691 2193 ἐξηγεῖσθαι
707 2103 748 2175 τά
763 2110 895 2191 δίκαια,
910 2096 959 2175 όν
973 2102 1036 2175 ούκ
1056 2104 1141 2193 ελχον

131 2227 165 2279 νο
181 2208 304 2279 ἐκείνοι
323 2204 386 2297 τήν
405 2206 606 2297 ἐπιστήμην,
633 2206 811 2297 παρόντων
830 2235 868 2279 τε
888 2206 1000 2278 αὐτόν
1022 2203 1140 2295 καὶμὴ

181 2310 361 2400 παρόντων
385 2309 445 2381 τόν
469 2308 575 2381 αὐτόν
598 2302 828 2399 ἐπιμελεῖσθαι
860 2312 985 2397 τρόπον
1012 2308 1141 2383 ἅπαντα

181 2414 402 2503 πράττοντας,
416 2411 478 2485 όσα
492 2415 569 2503 περὶ
582 2419 717 2485 παίδων
730 2412 912 2505 πράττουσι
925 2418 1082 2501 πατέρες,
1098 2420 1140 2493 είς
1169 2410 1170 2413 “

181 2518 359 2607 χρημάτων
371 2543 409 2587 τε
429 2519 485 2589 καλ
502 2522 572 2600 τόν
591 2519 669 2607 περὶ
687 2517 836 2609 χρήματα
855 2524 1073 2606 συμβολαίων
1088 2516 1139 2586 λό-

88 2619 91 2625 ’
182 2641 259 2707 γον·
282 2626 378 2703 δίκας
390 2647 427 2691 τε
440 2616 526 2710 ὑπὲρ
546 2625 618 2703 τοῖν
637 2625 791 2691 πελατῶν
811 2617 1046 2709 ἀδικουμένων
1065 2630 1139 2705 λαγ-

132 2744 167 2796 εσ
183 2722 315 2812 χάνειν,
337 2734 372 2795 εί
378 2750 428 2805 τις
440 2724 621 2813 βλάπτοιτο
633 2726 712 2811 περὶ
726 2722 767 2795 τά
780 2722 984 2812 συμβόλαια,
1006 2726 1063 2793 καί
1075 2736 1169 2803 τοίςλ

182 2830 381 2916 ἐγκαλοῦσιν
393 2822 551 2916 ὑπέχειν·
574 2825 619 2909 ὡς
633 2828 671 2899 δὲ
685 2825 782 2915 ὀλίγα
796 2829 873 2917 περί
887 2834 1021 2899 πολλῶν
1039 2825 1082 2899 δν
1094 2852 1138 2905 τις

183 2932 408 3002 είποιπάσαν
432 2928 547 3011 αύτοτς
572 2930 800 3022 είρήνηνιτόν
818 2957 855 2999 τε
875 2936 975 3002 ίδίων
994 2934 1050 3003 καὶ
1075 2934 1138 3000 τόν

182 3038 309 3106 κοινόν
322 3032 544 3121 πραγμάτων,
564 3030 609 3114 ὦς
623 3034 763 3123 μάλιστα
777 3034 959 3117 ἐδύναντο,
974 3038 1136 3122 παρέχειν.
1168 3040 1169 3085 λ

181 3136 260 3219 τούς
277 3137 316 3207 δὲ
335 3136 478 3217 πελάτας
493 3142 565 3206 ἔδει
577 3151 647 3217 τοῖς
666 3140 797 3209 έαυτιιν
818 3137 1018 3227 προστάταις
1030 3149 1134 3225 θυγα-

132 3262 167 3317 εο
183 3244 280 3329 τέρας
292 3265 329 3311 τε
342 3245 608 3311 συνεκδίδοσθαι
621 3244 844 3331 γαμουμένας,
865 3248 897 3313 εί
908 3249 1096 3325 σπανίζοιεν
1108 3242 1138 3307 οί

182 3346 322 3429 πατέρες
333 3344 522 3433 χρημάτων,
536 3345 593 3414 καὶ
606 3343 712 3435 λύτρα
725 3344 950 3433 καταβάλλων
962 3348 1134 3434 πολεμίοις,

184 3457 219 3526 θλ
226 3472 276 3526 τις
289 3443 403 3517 αὐτόν
416 3444 440 3538 ή
454 3453 587 3520 παίδων
604 3447 808 3539 αἰχμάλωτος
820 3451 968 3587 γένοιτο·
991 3453 1084 3528 δίκας
1103 3470 1135 3513 τε
