2367 3850
166 138 226 199 102
529 130 757 194 -A—

163 295 416 386 ὑπεζωσμένους
435 288 497 387 την
518 300 604 367 αίδεδ
623 312 696 378 ταῖς
718 302 832 388 δοραίς
852 292 923 366 τῶν
940 294 1127 365 νεοθύτων.

163 406 262 471 τοῦτο
283 401 320 470 δέ
339 398 517 489 καθαρμόν
533 400 610 470 τινα
622 404 691 469 τῶν
711 403 877 490 κωμητοῖν
890 397 1034 487 πάτριον
1047 397 1126 469 ἐδύ-

164 531 263 591 νατο,
280 500 324 584 ὥς
343 504 399 572 καὶ
413 508 478 572 νύν
491 508 540 573 ἔτι
554 508 681 597 δρᾶται.
714 507 752 575 έν
767 502 808 593 δὴ
827 499 935 596 τούτῳ
949 506 998 596 τῷ
1016 501 1127 593 χρόνῳ

166 604 244 687 τούς
265 604 451 695 ἱεροποιοὺς
468 601 666 688 νεανίσκους
686 611 721 676 οί
747 605 907 695 βουκόλοι
925 604 1128 695 λοχήσαντες
1143 624 1171 677 νδ

132 708 250 780 σκατά
277 708 315 779 τὰ
341 708 544 797 στενόπορον
571 716 630 799 τῆς
655 706 753 796 ὁδοῦ,
773 704 900 798 έπειδὴ
927 706 964 778 τό
992 714 1130 795 πρῶτον

165 812 273 902 τάγμα
285 810 322 882 τὸ
335 810 399 883 σύν
411 818 458 907 τῷ
469 808 579 907 Ῥύμῳ
593 810 668 883 κατ’
683 809 806 895 αύτούς
819 814 968 899 ἐγένετο,
982 808 1129 900 τώνόμ-

168 918 208 1005 ῳδ
223 913 390 1006 Ῥωμύλον
409 944 445 985 τε
470 918 527 987 καὶ
540 915 653 987 άλλωυ
669 912 911 1005 ύστεριζόντων
933 917 1045 1005 (τριχῇ
1064 913 1131 1002 γὰρ

167 1020 433 1109 ένενέμηντοκοιλ
445 1021 482 1088 ἐκ
494 1018 713 1108 διαστήματος
725 1022 841 1107 έθεον)
855 1015 897 1088 ού
910 1025 1131 1107 περιμείναν-

166 1149 221 1203 τες
246 1121 324 1203 τούς
337 1118 474 1203 λοιπούς
500 1114 649 1214 ὁρμῶσιν
668 1123 722 1193 έπλ
741 1118 819 1202 τούς
833 1119 984 1214 πρώτους
1005 1119 1132 1211 ἐμβοή-

118 1242 151 1294 10
167 1246 285 1307 σαντες
304 1224 424 1313 ἀθρόοι
443 1228 500 1295 καί
514 1224 728 1315 περιστάντες
742 1231 884 1315 ἔβαλλον
896 1227 932 1293 ολ
949 1223 1012 1313 μὲν
1025 1220 1131 1294 άκον·

167 1336 267 1416 τίοις,
281 1333 317 1398 οί
333 1328 370 1398 δὲ
385 1336 511 1416 λίθοις,
532 1334 567 1399 οί
578 1326 611 1398 δ’
627 1324 672 1409 ὥς
686 1333 823 1401 ἕκαστοί
837 1355 869 1398 τι
884 1324 941 1396 διά
954 1324 1067 1415 χειρὸς
1082 1328 1130 1397 εδ-

167 1458 238 1519 χον.
265 1436 300 1501 οἱ
310 1427 343 1501 δ’
359 1434 579 1520 ἐκπλαγέντες
593 1436 643 1524 τῳ
654 1431 832 1526 παραδόξῳ
849 1435 913 1499 τοῦ
925 1429 1058 1509 πάθους
1073 1432 1132 1499 καὶ

167 1532 414 1624 ἀμηχανοῦντες
435 1531 454 1605 ὅ
474 1562 506 1606 τι
523 1535 683 1623 δράσειαν
702 1532 785 1626 πρὸς
803 1530 1032 1623 ὡπλισμένους
1046 1530 1132 1603 ἄνο-

167 1646 246 1709 πλοι
272 1637 453 1728 μαχόμενοι
479 1637 563 1709 κατά
587 1636 716 1728 πολλὴν
739 1635 917 1708 εὐπέτειαν
943 1636 1129 1726 ἐχειρώθη·

117 1760 150 1812 15
167 1762 242 1809 σαν.
275 1738 371 1830 ὁμέν
384 1732 448 1811 οὖν
463 1736 584 1830 Ῥάμος
603 1743 658 1812 έπλ
671 1756 740 1821 τοῖς
759 1748 928 1830 πολεμίοις
946 1738 1133 1828 γενόμενος

52 1898 61 1912 .
167 1838 291 1929 οὕτως,
319 1840 386 1913 είθ’
411 1838 496 1925 ύςδ
524 1844 651 1933 Φάβιος
676 1845 895 1935 παραδέδωκε
919 1844 1053 1931 δέσμιος
1083 1850 1132 1924 είς
1169 1871 1170 1880 ’

166 1943 229 2035 τὴν
239 1944 366 2036 ’Ἀλβαν
386 1944 542 2038 άπηγετο.
569 1943 734 2037 Ῥωμύλος
747 1945 782 2018 δ’
795 1944 912 2037 ἐπειδὴ
924 1944 963 2016 τό
976 1949 1053 2035 περὶ
1068 1944 1132 2017 τόν

167 2047 318 2138 άδελφδν
337 2055 424 2139 ἔγνω
442 2050 551 2131 πάθος
568 2051 706 2121 διόκειν
726 2047 832 2132 εύθύς
851 2048 933 2143 ᾤετο
955 2054 1029 2120 δεῖν
1046 2048 1132 2130 τούς

167 2150 407 2242 ἀκμαιοτάτους
419 2162 505 2244 έχων
518 2157 587 2224 τοῖν
600 2149 803 2244 νομέων,’άς
813 2161 862 2224 ἔτι
875 2151 959 2222 κατά
970 2150 1032 2242 τὴν
1044 2149 1131 2222 ὁδόν

116 2279 150 2330 20
167 2253 247 2326 όντα
263 2257 532 2346 καταληψόμενος
547 2256 608 2328 τὸν
619 2253 760 2346 Ῥῶμον·
774 2254 994 2345 ἀποτρέπεται
1009 2253 1042 2326 δ’
1057 2252 1130 2325 &aa

100 2398 102 2407 =
166 2363 228 2429 τού
242 2359 443 2430 Φαιστύλου.
471 2355 562 2450 ὀρόν
575 2358 639 2451 γάρ
656 2350 754 2441 οὗτος
767 2355 873 2430 αύτού
890 2357 953 2449 τὴν
972 2357 1131 2448 σπονδὴν

167 2465 399 2552 μανικωτέραν
418 2455 529 2533 οὖσαν·
539 2515 743 2533 .........
757 2464 941 2552 ’νομισθεὶς
964 2456 984 2531 δ
1004 2460 1127 2552 πατὴρ,
1143 2477 1168 2529 λθ

168 2563 227 2633 τὸν
254 2573 445 2656 ἔμπροσθεν
477 2566 600 2655 χρόνον
629 2563 801 2654 ἀπόρρητα
828 2565 1027 2653 ποιούμενος
1056 2581 1129 2646 τοῖς

168 2677 350 2755 μειρακίοις
370 2671 573 2753 διετέλεσεν,
602 2666 645 2750 ὦς
666 2667 711 2759 μὴ
730 2672 857 2738 θάττον
878 2665 1047 2758 ὁρμήσωσι
1060 2694 1127 2738 πα·

117 2785 151 2839 25
169 2775 434 2858 ρακινδυνεύσαί
456 2799 489 2840 τι
516 2772 598 2860 πρὶν
619 2775 657 2842 έν
683 2775 922 2865 τῳ.κρατίστῳ
940 2776 999 2858 τῆς
1021 2767 1128 2860 ἀκμῆς

167 2875 345 2962 γενέσθαι·
361 2873 435 2944 τότε
449 2871 491 2964 δὴ
505 2871 587 2962 πρὸς
604 2880 662 2964 τῆς
674 2871 823 2963 άνάγκης
842 2875 997 2963 βιασθεὶς
1015 2900 1125 2962 μονω-

27 3017 34 3022 -
166 2969 265 3046 θέντι
287 2981 335 3070 τῷ
350 2971 505 3071 Ῥωμύλῳ
521 2979 611 3064 λέγει
627 2983 739 3047 πάσαν
759 2978 794 3060 ἐξ
813 2974 916 3066 ἀρχῆς
943 2974 1005 3066 τὴν
1022 3003 1125 3046 κατα·

166 3085 314 3168 σχοῦσαν
326 3077 449 3160 αύτούς
461 3078 574 3168 τύχην.
610 3080 755 3169 μαθόντι
768 3080 806 3150 δὲ
821 3085 869 3173 τῳ
885 3087 1051 3173 νεανίσκῳ
1066 3085 1127 3169 τῆς

166 3208 203 3251 τε
224 3179 346 3273 μητρὸς
365 3181 474 3264 οἶκτος
500 3185 682 3271 εἰσέρχεται
701 3185 758 3252 καλ
771 3185 961 3273 Νεμέτορος
974 3188 1124 3271 φροντίς,

112 3303 151 3356 30
167 3285 225 3353 καλ
251 3283 357 3355 πολλά
383 3287 656 3379 βουλευσαμένῳ
668 3284 751 3376 μετὰ
774 3291 835 3356 τοῦ
849 3286 1042 3355 Φαιστύλου
1066 3290 1125 3374 τῆς

167 3386 230 3474 μὲν
251 3385 371 3458 αὐτίκα
391 3386 494 3479 ὁρμῆς
508 3390 658 3478 έπισχείν
677 3390 804 3476 ἐδόκει,
820 3397 950 3460 πλείονι
963 3389 1002 3458 δὲ
1015 3413 1122 3477 παρα·

168 3493 273 3577 σκευῇ
301 3490 475 3582 δυνάμεως
501 3492 713 3584 χρησάμενον
746 3490 825 3564 ὅλον
851 3490 1038 3576 ἀπαλλάξαι
1064 3488 1122 3586 τόν
