2367 3850
151 99 291 161 2121
513 96 750 160 -Γ-

154 259 331 349 έποιήσατο
345 262 413 328 τόν
429 253 600 348 Ῥωμαίων
616 263 838 349 κατηγορίαν,
859 252 1077 349 τραυματίας
1089 284 1123 328 τε

155 361 300 452 συχνούς
322 362 597 451 ἐπιδεικνύμενος
618 363 676 432 καὶ
696 361 776 444 τούς
797 362 1028 453 προσήκοντας
1054 376 1123 440 τοῖς

156 463 382 556 ἡρπασμένοις
408 460 429 553 ή
449 464 632 554 τεθνηκόσι
659 464 820 555 παράγων
844 467 901 534 καὶ
922 457 1026 535 πλείω
1055 467 1122 533 των

157 567 348 658 γεγονότων
375 568 723 657 ἐπικαταψευδόμενος
730 621 740 656 ,
770 573 954 658 πρεσβείαν
977 569 1120 656 πέμπειν
1134 583 1158 634 41

124 695 142 745 5
159 678 293 761 πρῶτον
309 676 496 761 ἐψηφίσατο
509 676 604 752 δίκας
619 671 824 760 αἰτήσουσαν
833 676 902 740 τῶν
914 669 1119 758 γεγονότων·

159 775 219 847 ἐάν
233 776 270 847 δέ
283 771 503 863 ἀγνωμόνωσι
512 771 666 864 Ῥωμαῖοι
680 774 753 845 τότε
767 772 826 844 τόν
835 773 984 862 πόλεμον
997 770 1051 844 ἐπ’
1063 769 1121 842 αύ-

113 887 116 895 ’
158 877 236 958 τούς
254 878 419 966 ἐκφέρειν.
997 875 1001 880 ’

230 979 284 1048 ΠΙ.
306 977 538 1067 Ἀφικομένων
552 977 590 1048 δὲ
609 982 678 1048 τεόν
695 965 915 1068 πρεσβευτῶν
935 983 982 1060 εἰς
997 974 1123 1068 Ῥώμην
1170 1045 1171 1048 ,

158 1078 371 1162 ὑποπτεύσας
391 1078 409 1150 ό
436 1080 577 1168 Τύλλος,
598 1079 649 1151 ὅτι
668 1087 764 1163 δίκας
785 1080 977 1170 αἰτήσοντες
998 1078 1123 1170 ήκοιεν,
1169 1092 1172 1218 η

110 1215 143 1266 10
159 1182 260 1265 αότός
278 1191 375 1254 τούτο
390 1189 525 1270 ποιήσαι
539 1182 699 1272 πρότερος
720 1191 808 1273 έγνω
827 1190 1023 1274 περιστῆσαι
1042 1191 1122 1272 βου·
1171 1225 1172 1232 1

159 1287 299 1376 λόμενος
319 1295 366 1368 εἰς
388 1290 537 1366 ἐκείνους
556 1285 619 1375 τήν
639 1293 751 1357 αἰτίαν
771 1292 832 1356 τοῦ
854 1286 947 1356 λύειν
974 1284 1016 1356 τά
1043 1285 1125 1374 πρός

159 1388 223 1480 τήν
238 1387 397 1460 ἀποικίαν
417 1396 631 1479 συγκείμενοι.
665 1395 837 1479 συνθῆκαι
857 1388 922 1477 γάρ
945 1380 1034 1478 ἦσαν
1053 1404 1124 1469 ταῖς

51 1574 55 1580 ,
160 1493 298 1564 πόλεσιν
318 1495 372 1563 ἐπὶ
386 1489 557 1582 Ῥωμύλου
578 1491 758 1582 γενόμεναι
776 1489 818 1562 τά
830 1519 866 1562 τε
886 1489 971 1562 ἀλλα
989 1499 1124 1580 ἔχουσαι
1173 1500 1174 1590 ή

162 1603 275 1667 δίκαια
295 1598 351 1667 καὶ
370 1603 428 1667 ίνα
446 1596 613 1686 μηδετέρα
635 1599 784 1684 πολέμου
805 1592 908 1686 ἀρχη,
931 1591 951 1685 ή
973 1592 1004 1665 δ’
1024 1597 1125 1682 ἐγκα-

112 1721 143 1772 15
161 1705 266 1771 λούσα
286 1696 304 1769 ό
323 1726 356 1769 τι
385 1698 427 1787 δή
447 1725 526 1768 ποτε
549 1695 696 1788 ἀδίκημα
724 1705 820 1781 δίκας
846 1703 935 1768 αἰτοί
955 1695 1047 1786 παρὰ
1069 1702 1125 1787 τής
1174 1704 1175 1794 ή

130 1859 136 1868 .
160 1800 362 1891 ἀδικούσης,
384 1806 415 1870 εἰ
438 1802 475 1872 δὲ
494 1799 539 1890 μή
558 1801 719 1890 τυγχάνοι
744 1800 820 1871 τότε
840 1799 901 1872 τόν
923 1803 956 1883 ἐξ
978 1797 1125 1889 ἀνάγκης

145 1962 148 1966 J
162 1905 315 1995 ἐπιφέροι
330 1900 494 1994 πόλεμον,
516 1900 561 1986 ὡς
577 1905 772 1995 λελυμένων
792 1899 855 1995 ήδη
869 1907 939 1975 τοῖν
952 1907 1122 1974 σπονδῶν.
1175 1908 1176 1997 λ

161 2008 411 2098 φυλαττόμενος
433 2007 470 2078 δέ
490 2006 527 2078 τό
546 2006 591 2097 μή
608 2010 788 2098 προτέρους
808 2010 1008 2098 αἰτηθέντας
1029 2013 1123 2087 δίκας

143 2106 336 2200 ,Ῥωμαίους
354 2107 543 2196 ἀντειπεῖν,
562 2116 677 2181 ἔπειτα
692 2106 865 2192 ὑπαιτίους
876 2109 1050 2199 Ἀλβανοῖς
1069 2138 1120 2198 γε·
1170 2166 1173 2175 ι

110 2238 143 2289 20
160 2215 299 2300 νίσθαι,
321 2216 501 2303 προσέταξε
526 2229 595 2295 τοῖς
622 2212 897 2304 ἐπιφανεστάτοις
915 2218 985 2283 ταῖν
998 2216 1119 2283 ἑαυτοῦ

160 2314 371 2405 φίλωντούς
384 2314 558 2406 Ἀλβανοὸν
577 2318 735 2407 πρέσβεις
755 2320 893 2401 ξενίζειν
913 2314 1003 2406 πάση
1020 2324 1116 2405 φιλο·

160 2419 315 2510 φροσύνη
334 2422 390 2490 καί
403 2422 555 2508 κατέχειν
576 2426 677 2490 ἔνδον
694 2417 773 2510 παρ’
797 2421 942 2501 ἑαυτοῖς·
958 2416 1059 2500 αύτδς
1081 2418 1117 2488 δέ

161 2523 198 2591 ἐν
211 2518 379 2610 ἀσχολίαις
397 2525 487 2593 τισὶν
500 2520 696 2612 ἀναγκαίαις
710 2522 797 2593 εἰναι
816 2520 1028 2613 σκηψάμενος
1046 2528 1113 2592 διε·
1134 2534 1173 2589 411

160 2623 324 2709 κρούσατο
344 2624 405 2714 τήν
417 2625 585 2713 πρόσοδον
604 2623 727 2697 αὐτῶν.
760 2630 802 2716 τῇ
818 2622 850 2695 δ’
868 2633 1002 2715 ἔγγιστα
1020 2626 1115 2695 νυκτὶ

110 2744 143 2794 25
156 2721 325 2815 Ῥωμαίων
351 2726 478 2816 ἀνδροις
504 2730 681 2818 ἐπιφανείς
704 2727 935 2818 ἐντειλάμενος
961 2723 1122 2808 αύτοίςά

159 2825 222 2917 χρή
242 2824 401 2915 πράττειν
420 2827 616 2901 ἀπέστειλεν
637 2837 685 2913 εἰς
703 2828 825 2921 Ἀλβαν
845 2826 912 2918 ἅμα
932 2844 1002 2911 τοίς
1033 2835 1122 2919 εἰρη-

159 2934 309 3009 νοδίκαις
322 2932 518 3021 αἰτήσοντας
527 2930 614 3024 ὑπέρ
629 2926 677 3005 τόν
689 2933 850 3025 ήδίκηντο
858 2930 1012 3023 Ῥωμαῖοι
1029 2937 1124 3012 δίκας

159 3030 239 3122 παρ’
252 3030 430 3123 ’Ἀλβανῶν
449 3043 585 3124 λαβεῖν,
606 3045 641 3107 οἳ
655 3040 736 3128 πρὶν
755 3035 853 3127 ήλιον
872 3034 1025 3125 ἀνίσχειν
1049 3040 1121 3107 δια·

158 3134 321 3216 νύσαντες
339 3136 402 3226 τήν
415 3133 498 3208 ὁδόν
516 3140 737 3230 πληθυούσης
757 3144 815 3230 τής
834 3142 983 3229 ἐωθινής
999 3136 1123 3227 ἀγορᾶς

107 3254 141 3305 30
158 3238 400 3326 ἐντυγχάνουσι
421 3246 467 3333 τῷ
481 3247 630 3334 Κλοιλίῳ
650 3240 726 3313 κατ’
748 3239 876 3331 ἀγοράν
898 3239 971 3312 ὄντι
992 3243 1048 3311 καί
1071 3247 1121 3311 δι-

159 3336 301 3419 εξιόντες
311 3339 373 3411 ὅσα
383 3339 543 3431 ἠδίκηντο
552 3340 704 3433 Ῥωμαῖοι
718 3341 799 3439 παρ’
812 3341 991 3432 Ἀλβανῶν
1008 3340 1122 3433 ήξίονν

159 3438 318 3525 πράττειν
337 3440 379 3511 τά
404 3452 609 3535 συγκείμενα
629 3462 701 3529 ταῖς
722 3447 870 3519 πόλεσιν.
920 3441 939 3517 ὁ
962 3446 998 3517 δέ
1023 3450 1120 3515 Κλοί·
