2367 3850
430 111 657 174 -Γ-
904 91 1024 180 ἰετ

52 270 228 365 πατρχύοις
243 285 343 356 θεοῖς
366 271 541 362 εὐξάμενοι
558 277 615 344 καὶ
636 278 786 364 προῆγον
806 270 876 363 ἅμα
893 279 941 367 τῷ
959 283 1022 364 βα·

53 387 149 449 σιλεί
168 376 486 466 κατευφημούμενοί
502 403 538 446 τε
553 373 623 448 ὑπό
639 377 763 458 παντὸς
774 383 836 447 τοῦ
857 376 941 446 κατά
961 378 1023 466 την

52 479 162 549 πόλιν
179 476 281 568 ὄχλου
299 482 356 550 καὶ
378 479 580 568 παττόμενοι
599 478 657 559 τάς
686 479 835 576 κεφαλάς
860 477 1021 550 άνθεσιν·

52 580 125 672 ἤδη
160 583 196 652 δὲ
223 585 279 652 καλ
304 581 325 672 η
350 588 420 654 τῶν
443 579 617 672 Ἀλβανοόν
649 584 846 671 ἐξεληλύθει
872 582 1019 672 στρατιά.

51 687 134 756 ἐπεὶ
151 685 187 756 δὲ
207 685 618 774 κατεστρατοπεδεύσαντο
632 692 776 774 πλησίον
788 683 942 772 ἀλλήλων
962 713 1019 774 με·
1037 701 1055 752 ο

51 795 215 876 ταίχμιον
235 787 452 876 ποιησάμενοι
477 779 749 876 τδν.διείργοντα
769 793 832 878 τὴν
852 784 1023 876 Ῥωμαίων

51 887 123 962 άπὸ
146 893 205 977 τῆς
220 885 393 977 Ἀλβανόν
421 887 503 980 ὅρον
510 941 520 977 ,
547 899 634 961 ἔνθα
658 893 716 961 καλ
741 892 905 977 πρότερον
931 890 1023 980 εἶχον

52 992 210 1082 ἑκάτεροι
231 991 309 1073 τούς
329 993 493 1080 χάρακας,
514 994 731 1082 πρῶτονμὲν
755 993 829 1082 ίερά
853 995 1023 1073 θύσαντες

52 1093 197 1184 ὤμοσαν
212 1097 350 1165 ἐπὶτῶν
365 1095 525 1185 ἐμπύρων
538 1098 690 1182 στέρξειν
701 1095 764 1185 τὴν
776 1097 898 1184 τύχην,
919 1094 963 1186 ἣν
978 1091 1022 1164 ἂν

54 1203 93 1269 ἐκ
103 1203 165 1286 τῆς
175 1197 280 1287 μάχης
289 1204 359 1268 τόν
372 1197 525 1282 ἀνεψιῶν
538 1195 678 1286 ἑκατέρα
688 1197 785 1280 πόλις
798 1203 1020 1287 ἐξενέγκηται,
1040 1216 1073 1268 10

53 1303 114 1372 καὶ
135 1301 299 1389 φυλάξειν
310 1299 368 1382 τάς
387 1298 563 1390 ὁμολογίας
576 1309 737 1390 βεβαίους
755 1304 884 1391 μηδένα
897 1300 1021 1388 προσά-

6 1427 38 1478 55
55 1430 178 1492 γοντες
198 1402 313 1484 αύτατς
327 1404 428 1474 δόλον
440 1401 540 1474 αύτοί
549 1431 587 1474 τε
600 1407 657 1474 καλ
668 1406 766 1492 γόνος
787 1402 825 1474 τδ
837 1408 872 1488 ἐξ
891 1401 1021 1472 αύτιόν·

55 1507 134 1576 ἐπεὶ
149 1507 187 1576 δέ
199 1504 240 1575 τά
263 1504 344 1595 πρὸς
363 1506 466 1590 θεούς
479 1504 556 1580 ὅσια
570 1509 808 1595 διεπράξαντο,
829 1511 968 1595 θέμενοι
983 1505 1024 1575 τὰ

55 1607 148 1681 ὅπλα
170 1616 320 1696 προῆγον
338 1612 377 1680 έκ
390 1615 452 1682 τού
471 1610 615 1699 χάρακος
629 1609 814 1699 ἀμφότεροι
827 1610 948 1679 θεαταὶ
965 1614 1023 1697 τῆς
1076 1597 1085 1616 ’

6 1723 11 1740 ’
55 1712 167 1800 μάχης
187 1711 339 1800 ἐσόμενοι
358 1718 460 1799 τριῶν
475 1708 496 1802 ἦ
509 1713 678 1800 τεττάρων
690 1717 839 1782 σταδίων
849 1709 1023 1800 τὸμεταξύ
1042 1732 1074 1782 ιο

55 1821 185 1904 χωρίον
197 1829 267 1894 τοις
279 1812 534 1904 άχωνιξομένοις
547 1814 802 1895 καταλιπόντες·
827 1817 885 1886 καὶ
897 1811 968 1903 μετ’
981 1811 1023 1882 ού

56 1914 149 1989 πολὺ
162 1924 273 2005 παρῆν
287 1917 366 1999 τούς
378 1947 414 1989 τε
429 1924 613 2007 Κορατίους
626 1914 645 1989 ὁ
659 1924 727 1989 των
738 1917 910 2008 Ἀλβανῶν
923 1939 1022 2006 στρα-

55 2019 160 2109 τηγὸς
174 2018 267 2108 άγων
280 2023 337 2091 καλ
350 2020 428 2103 τούς
439 2018 612 2111 Ὁρατίους
630 2017 649 2091 δ
658 2023 731 2099 ,τόν
743 2018 914 2110 Ῥωμαίων
927 2028 1022 2108 βασι-

56 2123 139 2204 λεύς
153 2119 383 2211 ὡπλισμένους
396 2152 432 2195 τε
453 2124 612 2195 κάλλιστα
625 2126 682 2195 καλ
695 2123 755 2193 τὸν
768 2122 871 2195 ἄλλον
889 2129 1024 2211 ἔχοντας

56 2226 188 2313 κόσμον
202 2222 276 2296 οἷον
288 2224 465 2315 ἄνθρωποι
479 2227 710 2316 λαμβάνουσιν
719 2229 774 2297 ἐπὶ
787 2225 938 2319 θανάτῳ.
964 2252 1020 2312 γε·
1039 2248 1075 2300 2⁰

56 2329 199 2418 νύμενοι
213 2328 250 2397 δέ
260 2326 431 2417 σύνεγγυς
450 2326 606 2417 ἀλλήλων
624 2326 666 2399 τά
679 2330 741 2418 μὲν
760 2332 839 2418 ξίφη
853 2345 921 2409 τοῖς
936 2323 1023 2397 ύπα-

58 2447 217 2509 σπιοταῑς
232 2434 452 2517 παρέδωκαν,
466 2429 737 2522 προσδραμόντες
750 2432 789 2503 δὲ
803 2432 1024 2520 περιέβαλλον

58 2533 229 2625 ἀλλήλους
247 2514 420 2617 κλαίοντες
440 2537 496 2605 καλ
514 2552 583 2615 τοῖς
597 2531 745 2625 ἡδίστοις
763 2532 925 2623 ὀνόμασιν
940 2530 1023 2603 ἀνα·

59 2642 263 2723 καλοῦντες,
286 2634 372 2707 ὥστε
392 2645 439 2719 είς
455 2638 586 2725 δάκρυα
605 2653 788 2727 προπεσεῖν
805 2634 956 2717 ἅπαντας
967 2638 1024 2707 καὶ
1054 2704 1061 2713 ,

60 2738 193 2828 πολλὴν
212 2736 394 2829 ἀστοργίαν
410 2756 619 2829 ,κατηγορελν
644 2746 745 2828 σφόν
769 2768 807 2810 τε
827 2739 941 2811 αύτάν
968 2742 1023 2811 καὶ
1041 2755 1074 2805 εσ

60 2872 132 2913 τον
146 2838 340 2931 ἡγεμόνων,
359 2841 410 2913 ὅτι
431 2844 540 2931 παρδν
552 2841 666 2924 ἄλλοις
686 2846 753 2914 τισλ
766 2844 895 2934 σύμασι
912 2857 1025 2933 κρίναι

60 2945 125 3036 τὴν
145 2945 254 3034 μάχην
280 2952 327 3025 είς
351 2946 515 3035 ἐμφύλιον
535 2943 618 3035 αἷμα
638 2949 694 3019 καλ
715 2944 918 3036 συγγενικὸν
946 2942 1025 3031 ἄγος

60 3048 122 3118 τὸν
135 3044 223 3137 ὑπὲρ
236 3053 305 3117 τῶν
319 3047 450 3119 πόλεων
462 3047 577 3137 άγύνα
595 3052 822 3125 κατέκλεισαν.
853 3045 1023 3134 παυσάμε-

5 3168 45 3221 λεδ
62 3180 118 3222 νοι
137 3152 176 3221 δδ
190 3156 260 3221 τῶν
279 3148 463 3242 ἀσπασμῶν
482 3156 518 3221 οί
527 3162 700 3224 νεανίσκοι
718 3153 774 3223 καλ
786 3150 827 3221 τά
839 3154 920 3237 ξίφη
935 3146 1025 3235 παρὰ

61 3260 133 3324 τάν
154 3250 375 3323 ὑπασπιστῶν
395 3255 556 3343 λαβόντες
575 3253 867 3346 ἀναχωρησάντων
878 3256 948 3321 τάν
965 3254 1023 3323 πέ·
1041 3270 1077 3323 λθ

62 3368 123 3439 λας
146 3356 302 3439 ἐτάξαντό
315 3384 351 3427 τε
365 3356 450 3427 καθ’
473 3354 609 3447 ἡλικίαν
621 3363 679 3428 καλ
691 3356 862 3446 συνῄεσαν
880 3351 992 3443 ὁμόσε.

137 3458 271 3533 XVlllL
289 3462 378 3545 Τέως
391 3460 454 3550 μὲν
466 3452 530 3533 οὖν
539 3458 661 3549 ἡσυχία
669 3487 706 3539 τε
714 3460 773 3529 καλ
788 3456 865 3549 σιγὴ
873 3472 1026 3545 κατεῖχεν
