2367 3850
549 127 787 191 ...μ-

183 297 252 362 τάν
272 291 334 381 μέν
353 293 461 379 τιμάν
480 291 584 361 πλέον
605 287 701 359 αύτοὶ
720 291 905 381 φέρεσθαι,
936 285 1006 358 τάν
1026 287 1066 358 δέ
1086 286 1139 357 πό·
1170 308 1172 411 ρ

184 422 256 465 υων
274 400 422 463 ἔλαττον.
461 388 539 463 όδέ
556 390 716 482 Ἀλβαυός
733 393 771 463 τὸ
790 394 853 483 μέν
869 389 997 479 ὀλίγοις
1017 392 1140 482 στόμασι
1170 414 1171 461 3

185 494 401 568 κινδυνεύειν
428 494 488 575 τός
515 495 628 576 πόλεις
654 493 768 586 ὀρθῶς
793 494 944 583 ἐνόμιζεν
976 498 1140 583 είρήσθυι,

186 602 263 689 περὶ
289 599 325 668 δέ
348 604 406 687 τής
434 599 484 668 §vl
505 597 588 688 πρὸς
614 601 675 668 ἕνα
702 599 808 688 μάχης
835 598 1011 685 διεφέρετο
1038 597 1141 684 λέγων

151 718 167 769 5
185 701 237 773 ότι
250 715 320 781 τοϊς
336 701 399 788 μέν
413 696 611 790 ἡγουμένοις
622 693 694 771 των
708 704 944 792 στρατοπέδων
959 696 1043 768 ὅταν
1056 619 1173 789 ίδίανή

69 793 73 802 ’
186 802 497 887 κατασκευάζωνται
523 809 726 874 δυναστείαν
751 802 852 884 καλός
877 803 936 872 καλ
964 799 1142 890 ἀναγκαῖός
1171 804 1172 821 ’

187 911 279 979 έστιυ
299 902 316 975 ὁ
336 906 414 996 περὶ
434 910 491 996 τῆς
517 904 621 997 ἀρχῆς
641 906 724 994 πρὸς
744 904 909 995 ἀλλήλους
931 902 1043 992 ἀγών,
1078 920 1143 985 ταῖς

188 1009 226 1079 δὲ
245 1008 382 1081 πόλεσιν
402 1005 519 1089 αύταϊς
537 1008 677 1080 ἐπειδὰν
692 1005 779 1098 ὑπὲρ
792 1015 862 1080 τῶν
880 1014 1060 1097 πρωτείων
1075 1014 1143 1078 δια·

187 1114 358 1202 φέρωνται
385 1110 468 1199 πρὸς
494 1107 638 1201 ἀλλήλας
663 1109 705 1182 ού
727 1112 833 1202 μόνον
865 1110 1036 1198 σφαλερός
1066 1108 1145 1180 ἀλλὰ

138 1222 171 1274 1⁰
188 1216 244 1286 καλ
264 1213 399 1302 αἰσχρός
418 1211 436 1282 ό
460 1211 517 1282 διά
540 1222 744 1304 μονομαχίας
763 1219 940 1300 κίνδυνος,
964 1213 1026 1285 έάυ
1039 1241 1079 1284 τε
1094 1218 1145 1302 τῆς

183 1323 377 1405 ’κρείττονος
411 1316 580 1405 λάβωνται
612 1317 715 1405 τύχης
745 1317 806 1387 έάν
837 1343 874 1386 τε
902 1321 960 1404 τῆς
986 1325 1143 1406 χείρονος.
1172 1264 1175 1391 λ

187 1436 277 1509 τρεῖς
304 1418 341 1488 δέ
375 1417 501 1509 ἀνδρας
527 1421 720 1499 ἐπιλέκτους
745 1414 807 1508 ἀφ’
836 1420 993 1506 ἑκατέρας
1020 1419 1144 1497 πόλεως
1173 1404 1174 1439 ³

188 1519 434 1608 συνεβούλευεν
461 1519 527 1592 ἀπὸ
549 1519 612 1612 τήν
638 1519 797 1591 ἁπάντων
817 1518 901 1604 ὅφιν
917 1519 1093 1610 Ἀλβανῶυ
1113 1547 1144 1589 τε

188 1628 245 1696 καὶ
254 1621 423 1714 Ῥωμαίων
438 1629 718 1712 διαγωνίσασθαι.
736 1617 1006 1713 ἐπιτηδειότατον
1020 1621 1088 1714 γάρ
1102 1621 1143 1694 εί·

139 1751 171 1802 15
189 1756 245 1799 ναι
262 1726 361 1796 τόνδε
375 1725 433 1796 τόν
446 1725 593 1816 ἀριθμόν
612 1735 660 1808 είς
672 1724 807 1796 ἀπασαυ
827 1724 1143 1816 ἀμφισβητουμένου
1174 1730 1175 1733 ’

188 1828 380 1916 πράγματος
401 1835 570 1917 διαίρεσιν
593 1827 699 1919 ἀρχήν
718 1856 755 1898 τε
774 1831 830 1898 καὶ
850 1832 933 1919 μέσα
953 1831 1012 1898 καί
1031 1837 1141 1899 τελευ·
1175 1902 1176 1919 ¹

188 1931 251 2021 τήν
268 1939 385 2020 έχοντα
400 1936 437 2002 έυ
451 1935 568 2027 ἑαυτῷ.
602 1934 707 2023 ταύτῃ
721 1933 960 2022 προςθεμένων
974 1937 1017 2022 τῇ
1031 1930 1143 2022 γνάμη
1175 1925 1176 2000 λ

182 2030 353 2125 Ῥωμαίων
366 2062 402 2104 τε
415 2038 471 2106 καὶ
483 2034 654 2124 Ἀλβαυοῖν
671 2034 690 2105 ό
703 2063 739 2105 τε
752 2035 914 2123 σύλλογος
933 2035 1079 2124 διελύθη
1092 2035 1143 2103 καί

189 2140 244 2208 έιιλ
257 2135 336 2216 τοὺς
350 2142 458 2219 ἰδίους
471 2137 623 2227 ἀπῄεσαν
637 2138 786 2229 ἑκάτεροι
799 2138 953 2229 χάρακας.

137 2256 172 2309 20
264 2240 349 2310 Xlll.
368 2238 505 2311 Ἔπειτα
527 2244 727 2322 καλέσαντες
747 2250 794 2322 είς
814 2245 994 2329 ἐκκλησίαν
1012 2236 1141 2319 τάςδυ·

189 2343 306 2431 νάμεις
326 2341 516 2432 ἀμφοτέρας
530 2348 566 2411 ot
584 2345 765 2432 στρατηγοί
778 2345 960 2431 διεξῆλθον
977 2338 1000 2411 ἀ
1020 2368 1059 2411 τε
1080 2345 1140 2410 διε-

189 2447 359 2533 λέχθησαν
372 2443 468 2515 αὐτοὶ
480 2443 566 2534 πρός
579 2441 744 2534 ἀλλήλους
757 2446 813 2515 καλ
826 2443 886 2533 έφ’
898 2442 949 2525 οἷς
961 2446 1141 2514 συνέθεντο

188 2546 441 2617 καταλύσασθαι
460 2546 521 2617 τόν
534 2546 689 2637 πόλεμον.
724 2547 1008 2637 ἐπικυρωσάντων
1027 2546 1066 2615 δὲ
1080 2549 1142 2614 τάν

189 2649 448 2737 στρατευμάτων
474 2647 680 2739 ἀμφοτέρων
698 2649 783 2719 κατὰ
812 2648 940 2738 πολλήν
967 2646 1139 2737 εὐδόκησιν
1152 2666 1177 2717 44

138 2772 171 2824 25
188 2748 246 2830 τάς
260 2756 328 2817 τῶν
342 2757 537 2840 στρατηγεῖν
550 2747 743 2840 ὁμολογίας,
761 2749 941 2842 θαυμαστή
954 2750 1038 2839 μετὰ
1051 2757 1140 2821 τοῦτο

188 2866 320 2941 κατεῖχε
341 2861 511 2941 φιλοτιμία
532 2856 588 2923 καλ
603 2852 766 2943 λοχαγούς
779 2856 836 2925 καί
849 2852 1052 2945 στρατιάτας
1064 2860 1137 2923 πολ-

188 2960 260 3026 λῶν
276 2954 368 3025 πάνυ
390 2958 684 3047 προθυμουμένων
706 2960 944 3046 ἐξενέγκασθαι
958 2954 1000 3025 τά
1013 2961 1071 3046 τῆς
1082 2953 1137 3044 μά·

188 3086 246 3147 χης
258 3055 410 3147 ἀριστεία
423 3059 480 3127 καλ
493 3056 535 3127 ού
548 3060 637 3154 λέγω
650 3059 909 3144 σπουδαζόντων
922 3058 1045 3149 μόνον,
1062 3053 1137 3127 ἀλλά

188 3162 244 3228 καὶ
272 3169 359 3254 ἔργφ
378 3169 567 3251 φιλοτιμίας
590 3160 907 3251 ἀποδεικνυμένων,
944 3159 1031 3230 ω”στε
1050 3168 1135 3248 γαλε-

138 3278 172 3329 30
189 3258 256 3347 πήυ
275 3264 436 3349 γενέσθαι
459 3281 527 3344 τοῖς
547 3260 709 3352 ἡγεμόσιν
729 3263 843 3335 αύτιύν
862 3260 924 3351 τήν
944 3268 1014 3333 τῶν
1033 3265 1134 3348 έπιτη-

34 3370 37 3375 ’
190 3361 371 3433 δειοτάτωυ
385 3365 578 3467 διάγνωσιν.
615 3372 648 3435 εί
660 3366 725 3454 γάρ
737 3358 844 3455 τιςήν
863 3361 1054 3455 ήιτατέρων
1074 3368 1133 3433 ε’κι-

189 3467 314 3553 φανείηι
328 3464 477 3555 λαμπρὸς
489 3463 510 3555 ἢ
523 3466 674 3557 στόματος
688 3468 782 3559 βιόμη
796 3465 983 3560 διαπρεπής
995 3463 1018 3557 ἢ
1030 3464 1133 3557 πράξει
