2367 3850
161 75 348 170 κιο,
525 33 752 136 -Γέ-

160 231 405 326 βουλεύμασιν,
429 229 555 306 ἀλλἐί
523 230 752 324 είςάυαβολάς
764 260 820 303 και
810 229 1052 324 διατριβάς”
1031 261 1135 324 αγειν

160 337 216 429 ήξί
214 365 256 408 ου
276 335 317 406 τά
337 337 514 427 πράγματα
533 333 623 438 ὁρόν
636 335 716 408 οὔτε
729 335 808 418 τούς
823 333 1043 425 Ἀλβανοδς“
1021 365 1133 407 απαν-

162 469 221 523 τας
234 436 355 530 ὁμοίαν
368 446 503 565 ἐχογτας
519 447 569 510 ἐτι
583 433 779 530 προθυμίαν
792 436 874 529 πρὸς
888 439 1036 530 πόλεμον
1051 437 1135 519 οὔτε

163 542 204 614 τά
217 542 345 634 σφάγια
368 539 469 612 ὁπότε
489 542 610 614 θύοιτο
629 544 706 631 περὶ
726 542 831 632 μάχης
849 541 935 612 καλά
950 542 1133 634 γινόμενα

129 651 330 722 οτιλευτάν
348 644 386 714 δὲ
400 653 448 727 είς
459 643 667 733 καταλλαγάς
680 650 768 733 ἐγνω
787 656 1036 735 προκαλεῖσθαι
1053 643 1135 726 τούς

163 756 344 839 πολεμίους
365 749 525 838 πρότερος
544 748 909 838 ἐπικηρυκευσάμενος,
925 747 1051 838 μαθών
1064 748 1135 818 τὸν

162 851 430 943 ἐπικρεμάμενον
460 853 588 934 ἐξωθευ
606 849 780 940 Ἀλβανοῖς
811 878 848 938 τε
878 853 936 922 καλ
959 847 1136 976 Ῥωμαίοις

163 961 343 1042 κίνδυνον,
366 961 398 1024 ελ
408 983 454 1044 μη
442 951 711 1025 σπείσονται
678 981 737 1023 τον
751 951 834 1080 πρὸς
849 950 1016 1042 ἀλλήλους
1029 937 1134 1024 πύλε

163 1086 247 1148 μον,
268 1056 423 1148 ἄφυκτον
443 1055 539 1145 ὄντα,
562 1055 599 1138 δς
615 1053 793 1144 ε”μελλεγ’
773 1059 962 1146 αμφοτέρας
977 1053 1134 1148 ἀναρπά-

56 1178 61 1184 ·
115 1177 148 1228 10
165 1173 291 1234 σασθαι
304 1159 361 1242 τάς
375 1159 545 1249 δυνάμεις.
584 1151 628 1249 ήν
643 1161 679 1230 δὲ
697 1159 839 1241 τοιάςδε·

240 1263 299 1332 V1.
330 1261 529 1334 Οὐιεντανοὶ
552 1265 609 1333 καὶ
630 1269 810 1353 Φιδηναῖοι
827 1261 974 1394 μεγάλας
995 1263 1054 1332 καὶ
1070 1288 1133 1332 πο-

164 1366 412 1461 λυριυθρωπους
436 1375 567 1455 ἔχοντες
587 1367 700 1448 πόλεις
723 1366 835 1437 ἐπὶ
801 1394 863 1456 μιν
881 1370 939 1454 τῆς
957 1362 1134 1490 Ρωμύλου

163 1476 378 1560 βασιλείοιςεί
377 1499 393 1550 ς
407 1478 552 1560 πόλεμον
561 1466 677 1560 ύπέρ’
657 1475 758 1560 αρχῆς
771 1471 827 1540 καὶ
842 1474 1044 1548 δυναστείας
1053 1464 1132 1536 &pm

164 1578 275 1663 μαίοις
293 1577 516 1664 κατέστησαν,
539 1563 619 1645 ἐν
593 1602 619 1668 6
640 1571 764 1654 πολλάς
783 1571 1007 1652 ἀπολέσαντες
1022 1569 1132 1640 δυνά-

115 1694 147 1745 15
165 1703 237 1766 μεις
263 1675 447 1767 ἀμφότεροι
472 1678 528 1746 καὶ
557 1676 667 1765 χώρας
695 1667 879 1770 ἀποδασμῷ
906 1676 1134 1764 ζημιωθέντες
1173 1719 1174 1806 6

164 1775 306 1868 ὑπήκοοι
327 1795 396 1860 τοῖς
408 1779 658 1906 κεκρατηκόσιν
677 1776 941 1868 ἡναγκάσθησαν
955 1777 1174 1865 γενέσθαι

165 1872 285 1967 περὶ
257 1909 306 1953 ων
325 1885 422 1952 ἐν
380 1911 422 1975 τη
437 1881 502 1972 πρὸ
514 1881 637 1974 ταύτης
652 1881 828 1973 δεδήλωκα
846 1885 962 1972 γραφῇ
975 1878 1013 1951 τὸ
1031 1877 1128 1970 ἀκρι-
1143 1819 1174 1983 416

164 1986 237 2073 βές·
265 1986 317 2055 ἐπὶ
338 1985 375 2055 δὲ
387 1991 445 2076 τῆς
465 1986 560 2075 Νόμα
575 1989 767 2077 Πομπιλίου
783 1992 980 2065 δυναστείας
995 1983 1131 2075 ελρήυης
1173 1988 1174 2019 f

163 2084 412 2169 ἀπολαύσαντες
445 2097 586 2180 βεβαίου
619 2088 748 2179 πολλὴν
773 2095 871 2178 ἐσχον
900 2090 1055 2159 ἐπίδοσιν
1085 2091 1130 2167 είς
1173 2102 1174 2159 6

114 2209 148 2261 20
166 2187 351 2282 εύαυδρίαν
368 2219 405 2261 τε
425 2194 481 2262 καὶ
508 2198 655 2263 πλούτου
678 2195 735 2263 καὶ
760 2188 830 2281 τήν,
842 2190 948 2281 ἀλλην
968 2188 1129 2280 εὐδαιμο-

164 2298 254 2365 υίαν.
280 2294 409 2375 τούτοις
423 2291 465 2385 δή
477 2309 546 2377 τοῖς
559 2293 702 2383 ἀγαθοῖς
716 2296 921 2384 ἐπαρθέντες
931 2297 1130 2383 ἐλευθερίας

164 2424 201 2467 τε
215 2387 319 2478 αὖθις
337 2394 501 2488 άρέγοντο
515 2400 572 2467 καὶ
586 2398 743 2488 φρόνημα
757 2396 947 2487 ἐλάμβανον
962 2392 1128 2486 ὑψηλότε-

164 2528 227 2589 ρον
246 2497 535 2591 παρασκευάζοντό
548 2528 585 2570 τι
609 2496 653 2581 63
673 2498 782 2571 οὐκέτι
798 2496 969 2589 Ῥωμαίων
995 2497 1127 2589 ἀκροά·

164 2628 268 2689 μενοι.
315 2604 397 2685 τέως
416 2603 479 2691 μέυ
500 2595 563 2673 οὖν
583 2600 707 2691 άδηλος
726 2600 839 2673 αὐτῶν
865 2598 887 2691 6
914 2600 1047 2675 διάνοια
1070 2605 1128 2689 τῆς

114 2723 148 2776 25
165 2700 375 2787 ἀποστάσεως
389 2698 451 2796 ἦν,
469 2707 507 2777 ἐν
523 2706 561 2776 δέ
574 2711 621 2800 τῷ
635 2704 717 2795 πρδς
726 2703 909 2793 Ἀλβαυοδς
923 2702 1127 2794 ἐφανερώθη

166 2805 308 2897 πολέμφ.
355 2803 398 2886 63
429 2805 494 2895 γάρ
521 2806 692 2879 ἐπύθοντό
718 2812 925 2935 πανστρατιᾷ
947 2803 1127 2895 Ῥωμαίους

162 2907 406 2996 ἐξεληλυθότας
426 2908 533 2979 ἐπὶ
499 2937 559 2979 τον
578 2909 662 2999 πρὸς
683 2907 907 3000 Ἀλβανοδς’
886 2914 1020 2998 αγάνα,
1044 2908 1125 2999 κρά-
1173 2920 1174 3001 6

163 3032 277 3081 τιστου
317 3006 545 3100 ὑπολαβόντες
578 3016 753 3112 εἰληφέναι
787 3010 906 3101 καιρὸν
944 3014 1126 3093 ἐπιθέσεως

14 3173 15 3178 ,
93 3111 102 3119 ’
164 3111 373 3205 ἀπορρήτους
396 3114 594 3204 ἐποιήσαντο
623 3096 678 3185 διὰ
704 3121 772 3185 τῶν
800 3111 1084 3186 δυνατωτάτωυ’
1064 3143 1125 3185 αν·
1173 3150 1174 3175 1

14 3217 15 3220 '
114 3236 148 3287 30
167 3221 260 3303 δρῶν
279 3224 490 3305 συνωμοσίας
511 3216 639 3297 πάντας
658 3215 736 3299 τοδς
757 3214 962 3308 ὁπλοφορεῖν
978 3219 1123 3307 δυναμέ-

14 3329 16 3342 “
163 3342 245 3394 νους
264 3324 311 3399 είς
326 3320 479 3408 Φιδήνην
491 3327 674 3393 συνελθεῖν
690 3318 806 3409 κρύφα
825 3323 882 3390 καλ
901 3347 963 3390 κατ
969 3316 1124 3407 ’ὀλίγους

165 3412 292 3503 ἰόντας,
314 3414 359 3498 ὡς
371 3416 413 3490 άυ
428 3417 545 3509 ἥκιστα
564 3421 717 3508 γίνοιντο
730 3437 799 3507 τοῖς
813 3423 1123 3518 ἐπιβουλευομένοις
