2367 3850
159 100 199 207 σε
420 141 815 225 ·-,-ι-.

91 352 94 357 -
159 304 223 395 άκρ
225 312 334 395 ίβειαν
359 310 416 378 καὶ
435 309 570 399 παρέχει
590 316 724 389 πολλοῖς
741 304 876 379 άτόπων
894 310 1124 396 ἐτυμολογιῶν

162 408 183 479 ά
212 410 330 499 ορμάς

158 440 210 537 X
236 505 414 584 XXXII.
391 542 436 595 ως
452 514 492 582 δέ
501 538 590 592 τινες
601 504 852 626 ἱστοροῦσιν,
823 540 872 582 ων
886 516 957 583 ἐστι
977 515 1032 582 καὶ
1046 522 1122 582 Πο-

162 614 308 705 λύβιος’
293 645 310 685 ο
330 623 624 705 Μεγαλοπολίτης,
644 617 738 685 ἐπί
720 642 811 695 τινος
828 622 1003 705 μειρακίου
1023 615 1123 685 Παλ·

127 728 280 800 σλαντος
301 718 421 790 αὐτόθι
437 716 709 806 τελευτήσαντος·
731 724 851 795 τοῦτον
865 718 902 789 δε
920 715 1125 806 Ἡρακλέους

162 822 249 892 εἶναι
275 829 379 893 παῖδα
408 824 464 893 καὶ
479 822 618 901 Λαύνας
643 826 701 910 τῆς
726 819 906 909 Εὐάνδρου
930 822 1122 910 θυγατρός·

161 924 314 1013 χώσαντα
329 923 361 995 δ’
379 922 468 1020 αὐτῷ
481 922 540 995 τόν
555 923 788 1013 μητροπάτορα
806 924 915 1013 τάφον
929 927 985 994 ἐπὶ
1003 931 1053 1018 τῷ
1066 925 1123 994 λό-

162 1056 217 1119 φῳ
230 1029 443 1127 Παλλάντιον
461 1030 516 1099 ἐπὶ
532 1033 591 1097 τού
611 1034 788 1116 μειρακίου
802 1026 860 1097 τόν
874 1028 978 1097 τόπον
994 1024 1124 1116 όνομά-

161 1152 226 1201 σαι.
247 1130 312 1220 έγοδ
322 1137 434 1220 μέντοι
447 1128 525 1201 ούτε
537 1130 646 1219 τάφον
656 1130 848 1220 ἐθεασάμην
861 1128 1012 1220 ένῬύμη
1022 1131 1123 1200 Πάλ-

97 1244 279 1315 Ι1ολαντος
298 1233 375 1306 οὐτε
400 1233 478 1324 χοάς
503 1242 632 1323 ἔμαθον
655 1229 911 1323 ἐπιτελουμένας
934 1230 1010 1304 οὐτε
1037 1232 1123 1303 άλλο

161 1343 229 1407 τῶν
251 1338 517 1427 τοιουτοτρόπων
541 1333 643 1406 οὐδὲν
655 1332 833 1426 ἠδυνήθην
846 1349 988 1469 μαθεῖν,
1008 1344 1122 1405 καίτοι
1138 1348 1166 1399 84

161 1468 200 1527 γε
220 1438 282 1511 οὐκ
304 1439 474 1531 ἀμνήστου
496 1468 552 1528 της
572 1446 680 1522 οἰκίας
698 1440 821 1529 ταύτης
838 1437 1020 1567 άφειμένης
1038 1436 1121 1508 οὐδ’

82 1618 86 1623 ,
161 1542 302 1631 ἀμοίρου
316 1550 420 1635 τιμαῑν
435 1540 487 1625 αἷς
499 1571 537 1613 το
524 1542 779 1631 δαιμόνιον’
739 1571 836 1632 γενος
848 1539 897 1613 ύπ
901 1539 1123 1633 ’άνθρύπων

161 1655 360 1734 γεραίρεται.
397 1649 454 1717 καὶ
480 1644 545 1736 γάρ
565 1643 733 1740 Εὐάνδρῳ
758 1633 884 1727 θυσίας
904 1641 1073 1736 ἐμαθον’
1053 1644 1124 1715 υπό

111 1768 142 1819 15
155 1745 324 1838 Ῥωμαίων
343 1751 598 1837 ἐπιτελουμένας
619 1744 715 1837 ὁσέτη
730 1754 863 1847 δημοσί
851 1779 873 1819 α
837 1751 949 1819 ίκαλ
961 1747 1123 1838 Καρμέυ-

98 1843 103 1850 ’
160 1879 218 1943 τη,
233 1851 389 1941 καθάπερ
402 1868 471 1934 τοῖς
485 1862 613 1932 λοιποις
625 1873 732 1940 ηρωσι
744 1854 874 1922 καὶί
816 1858 965 1942 δαίμοσι,
981 1854 1037 1922 καὶ
1051 1862 1122 1940 βω·
1171 1887 1172 1890 “

160 1954 243 2044 μους
262 1955 455 2045 ἐθεασάμην
474 1957 691 2044 ἱδρυμένους,
712 1959 890 2045 Καρμέντη
912 1951 1007 2044 μέν
987 1954 1056 2025 υπδ
1075 1962 1123 2050 τῳ

160 2061 355 2153 καλουμένῳ
368 2064 569 2152 Καπιτωλίῳ
582 2056 672 2145 παρά
683 2075 755 2140 ταῖς
767 2065 973 2148 Καρμεντίσι
988 2060 1123 2147 πύλαις,-

160 2158 326 2250 Εύάνδρω
350 2161 388 2232 δε
409 2159 490 2251 πρός
514 2161 615 2254 ἑτέρῳ
637 2189 705 2230 των
724 2162 840 2248 λόφων
863 2158 1041 2255 Αὐεντίνῳ
1063 2172 1121 2231 λε-

110 2283 143 2334 20
159 2269 290 2360 γομένῳ
304 2270 363 2353 τῆς
381 2263 550 2354 Τριδύμου
563 2264 672 2351 πύλης
691 2261 732 2334 οὐ
745 2265 873 2355 πρόσω·
895 2264 1068 2335 Πάλλαντι
1084 2265 1122 2335 δὲ

133 2379 139 2390 ’
161 2364 262 2438 οὐδὲν
288 2367 364 2440 οίδα
383 2366 512 2439 τούτων
536 2366 727 2456 γινόμενον.
767 2374 803 2438 ολ
826 2365 859 2438 δ’
881 2360 945 2438 οὐν
962 2366 1143 2459 Ἀρκάδες

140 2506 142 2510 ⁴
160 2468 227 2541 ὑπό
245 2477 293 2564 τῳ
315 2472 409 2567 λόφῳ
422 2473 695 2550 συνοικισθέντες
707 2470 748 2540 τά
761 2499 797 2541 τε
817 2470 903 2541 άλλα
918 2471 1122 2559 διεκόσμουν

160 2571 197 2643 τὸ
218 2580 337 2662 κτίσμα
359 2591 427 2656 τοῖς
446 2584 585 2645 οἴκοθεν
608 2579 761 2663 νομίμοις
779 2573 943 2664 χρεόμενοι
962 2577 1018 2644 καὶ
1045 2572 1121 2661 ἱερά

161 2675 352 2762 ἱδρύονται,
366 2702 500 2803 πρῳτου
513 2677 620 2770 μὲν
588 2703 634 2746 τω
620 2677 786 2770 Λυκαίῳ
801 2679 943 2746 Πανὶ
903 2706 961 2767 της
975 2680 1121 2767 Θέμιδος

14 2770 21 2782 ’
110 2799 143 2852 25
161 2778 381 2866 ἐξηγουμένης
403 2775 553 2866 (Ἀρκάσι
571 2777 643 2869 γάρ
656 2777 787 2849 θεῶν’
768 2779 981 2869 αρχαιότατός
1001 2807 1038 2850 τε
1062 2783 1120 2849 καλ

160 2881 353 2969 τιμιοότατος
373 2877 495 2966 ὁΠάν)
515 2888 639 2972 χωρίον
656 2883 846 2973 ἐξευρόντες
865 2876 1119 2973 ἐπιτήδειον,ο

160 2989 300 3054 καλοῦσι
309 2982 460 3073 Ρωμαιοι
474 2984 738 3073 Λουπερκάλιον,
752 2982 847 3075 ημεϊς
861 2983 931 3055 δ’
909 3016 953 3058 αν
956 2997 1119 3116 εἴποιμεν
1136 3000 1169 3065 85

74 3135 77 3144 ·
159 3084 319 3158 Λύκαιον.
346 3092 413 3158 νῦν
427 3077 544 3175 μέν
502 3115 566 3156 ουν
585 3092 906 3177 συμπεπολισμένων
922 3119 968 3184 τῳ
986 3093 1118 3179 τεμένει

159 3196 228 3260 τόν
254 3193 348 3279 πέριξ
374 3197 506 3279 χωρίων
532 3195 748 3270 δυσείκαστος
772 3193 912 3280 γέγονεν
941 3190 962 3283 ἡ
993 3189 1119 3263 παλαιά

78 3315 142 3379 ,30
159 3299 219 3364 τού
236 3293 350 3372 ,τόπου
377 3293 494 3382 φύσις,
527 3284 570 3383 ἦν
605 3293 643 3362 δέ
674 3291 711 3362 τδ
743 3291 883 3381 άρχαῑον
916 3291 960 3376 ὡς
985 3298 1116 3383 λέγεται

95 3413 98 3426 ’
159 3395 321 3484 σπήλαιον
343 3391 410 3466 ύπό
423 3401 471 3488 τῷ
489 3394 582 3489 λόφῳ
602 3397 705 3484 μέγα,
727 3403 844 3492 δρυμῷ
858 3407 962 3492 λασίῳ
975 3425 1114 3486 κατηρε-

159 3497 236 3584 φὲς,
258 3499 315 3567 καὶ
336 3505 493 3588 κρηνίδες
512 3494 578 3568 ὑπὸ
598 3513 673 3579 ταῖς
683 3499 819 3586 πέτραις
839 3501 1013 3591 ἐμβύθιοι,
1040 3497 1115 3589 ἦτε
