2367 3850
411 186 455 196 -
510 114 544 214 ε’
593 185 636 195 -
930 153 1001 218 ¹203

38 310 120 382 κατά
139 313 207 402 μὲν
227 313 290 404 τὴν
309 311 424 385 αὐτῶν
444 314 621 386 διάλεκτον
642 313 700 405 ἐφ’
719 313 793 398 ένδς
813 321 882 387 τῶν
895 323 1003 406 έργων

38 413 56 484 ὃ
74 415 283 504 πράττουσιν
308 417 579 503 ἐπισκευάζοντες
601 417 662 508 τὴν
687 422 827 508 ξυλίνην
848 421 1003 508 γέφυραν

39 527 239 608 ποντίφικες
256 522 583 613 προσαγορεύονται,
611 523 675 593 είσὶ
690 522 728 592 δὲ
746 529 815 592 τοδν
835 528 1002 613 μεγίστων

38 624 248 713 πραγμάτων
273 624 394 713 κύριοι.
432 626 490 695 καὶ
515 622 579 715 γάρ
607 624 798 710 δικάζουσιν
825 616 919 695 οὗτοι
946 625 1003 708 τάς

39 724 126 814 ἱεράς
142 733 241 809 δίκας
261 723 391 810 άπάσας
412 728 561 810 ἰδιώταις
580 757 615 799 τε
634 731 690 799 καλ
704 725 843 818 ἄρχουσι
862 732 919 800 καλ
933 739 1036 800 λετ-θ

38 845 197 919 τουργοτς
223 836 319 901 θεῶν
348 835 405 903 καὶ
430 837 677 922 νομοθετοῦσιν
703 829 765 903 ὅσα
796 838 866 904 των
900 837 1002 923 ἱεράν

39 929 179 1022 ἄγραφα
197 930 279 1005 ὄντα
298 937 355 1006 καὶ
381 934 559 1024 ἀνέθιστα,
586 943 759 1025 κρίνοντες
782 934 804 1006 ἃ
824 933 868 1007 άν
887 937 999 1027 έπιτή-

41 1043 113 1106 δεια
127 1038 311 1126 τυγχάνειν
328 1037 442 1121 αύτολς
455 1046 579 1130 φανείη
598 1041 713 1131 νόμων
725 1067 761 1110 τε
782 1043 838 1110 καλ
849 1043 1001 1129 ἐθισμῶν

41 1139 95 1221 τάς
115 1168 155 1211 τε
176 1139 278 1230 άρχάς
300 1138 447 1229 ἁπάσας,
473 1141 567 1226 ὅσαις
592 1150 699 1215 θυσία
719 1171 768 1224 τις
792 1139 814 1232 ἢ
834 1149 1000 1231 θεραπεία

42 1248 132 1314 θεῶν
148 1241 338 1331 άυάκειται,
357 1249 413 1316 καλ
428 1243 505 1329 τούς
519 1251 620 1336 ἱερεῖς
633 1243 781 1326 ἅπαντας
794 1246 1000 1332 ἐξετάζουσιν
1019 1263 1051 1313 10

44 1344 210 1439 ὑπηρέτας
234 1378 272 1419 τε
299 1347 412 1420 αὐτῶν
437 1351 494 1420 καὶ
521 1347 752 1438 λειτουργούς,
779 1344 829 1430 οἱς
854 1354 1000 1438 χρῶνται

46 1450 123 1539 πρδς
137 1451 178 1521 τά
192 1451 277 1542 ἱερά,
291 1443 384 1524 οὗτοι
397 1451 604 1541 φυλάττουσι
619 1455 747 1542 μηδένα
761 1453 1000 1540 ἐξαμαρτάνειν

47 1557 117 1641 περὶ
129 1553 208 1637 τούς
228 1555 339 1645 ἱερούς
351 1556 491 1647 νόμους·
510 1570 580 1638 τοὶς
597 1583 633 1626 τε
654 1554 803 1636 ἱδιύταις
817 1552 933 1626 ὁπόσοι
954 1555 1000 1646 μὴ

47 1667 132 1729 ἴσασι
149 1659 231 1741 τούς
249 1663 327 1749 περὶ
340 1659 381 1730 τά
394 1671 473 1731 θεῖα
492 1655 513 1748 ἢ
528 1658 685 1749 δαιμόνια
698 1657 902 1749 σεβασμούς,
924 1663 998 1750 ἐξη-

49 1763 138 1849 γηταί
151 1769 303 1850 γίνονται
322 1764 380 1835 καλ
399 1770 584 1852 προφῆται·
604 1764 660 1833 καὶ
675 1771 708 1833 εί
719 1790 812 1842 τινας
823 1773 998 1833 αἱσθοιντο
1018 1778 1049 1830 15

51 1863 90 1955 μὴ
103 1870 325 1958 πειθομένους
334 1884 406 1948 ταῖς
421 1872 592 1958 ἐπιταγαῖς
605 1863 734 1954 αύτῶν,
751 1871 902 1956 ζημιοῦσι
917 1864 999 1957 πρὸς

50 1973 182 2041 ἕκαστον
203 1977 312 2061 χρῆμα
331 1969 476 2063 ὁρῶντες
498 1978 566 2043 είσί
581 2000 618 2041 τε
638 1967 872 2042 ἀνυπεύθυνοι
892 1973 1000 2062 πάσης

51 2079 138 2163 δίκης
155 2102 192 2144 τε
218 2078 275 2145 καὶ
295 2082 409 2165 ζημίας
431 2073 508 2145 ούτε
529 2080 638 2165 βουλῇ
657 2074 758 2163 λόγον
783 2071 999 2157 ἀποδιδόντες

50 2173 121 2247 οὔτε
140 2178 244 2273 δήμῳ.
279 2182 357 2270 περὶ
376 2170 440 2249 ούυ
452 2184 521 2248 τῶν
534 2181 653 2268 ἱερέων
667 2185 710 2227 **
732 2173 816 2248 ὥστε
830 2183 863 2247 εί
878 2178 998 2267 βούλε·

22 2286 105 2352 θεαί
124 2309 174 2362 τις
199 2280 322 2363 αύτούς
349 2282 643 2372 ἱεροδιδασκάλους
669 2290 786 2351 καλεῖν
814 2290 881 2351 εἱτε
910 2284 996 2369 ἱερο-
1016 2284 1050 2351 '20

51 2383 167 2472 νόμους
194 2396 261 2455 εἱτε
287 2385 510 2475 ἱεροφύλακας
532 2396 616 2473 εἴτε,
644 2380 689 2465 ὦς
712 2379 806 2472 ἡμεῖς
830 2380 998 2472 ἀξιοῦμεν,

54 2488 258 2576 ἱεροφάντας,
289 2487 350 2578 ούχ
377 2485 599 2580 ἁμαρτήσεται
625 2493 687 2557 τοῦ
711 2483 870 2576 άληθοῦς,
912 2491 999 2557 έκλι-

54 2590 164 2672 πύντος
180 2592 220 2661 δέ
230 2620 320 2673 τινος
341 2589 454 2662 αὐτῶν
467 2589 526 2661 τὸν
538 2599 615 2681 βίον
636 2594 747 2679 ἕτερος
768 2598 815 2672 είς
832 2587 892 2659 τὸν
913 2594 998 2661 ἐκεί·

54 2721 109 2761 νον
127 2701 327 2765 καθίσταται
345 2694 449 2765 τόπον
471 2692 534 2783 οὐχ
553 2692 621 2765 ὑπὸ
639 2698 699 2763 τού
714 2693 821 2783 δήμου
841 2698 999 2784 αἱρεθεὶς,

55 2793 121 2866 ἄλλ’
140 2795 201 2868 ὑπ’
217 2796 330 2869 αύτῶν
350 2804 507 2884 ἐκείνων,
531 2794 567 2879 ὃς
579 2793 623 2867 άν
637 2797 899 2887 ἐπιτηδειότατος
914 2798 1000 2869 εἶναι
1017 2818 1050 2867 25

56 2905 130 2991 δοκῇ
147 2906 217 2971 τοῖν
236 2907 397 2973 πολιτῶν·
421 2901 674 2991 παραλαμβάνει
694 2900 732 2972 δέ
751 2899 812 2991 τὴν
833 2906 1001 2989 ἱερατείαν

56 2999 319 3095 ὁδοκιμασθελς,
339 3004 399 3076 έάν
418 3002 595 3093 εὐόρνιθες
615 3000 707 3100 αύτῷ
723 3005 868 3093 τύχωσιν
887 3003 1000 3073 οίωνολ

56 3107 230 3199 γενόμενοι.
265 3108 306 3179 τὰ
319 3110 381 3198 μὲν
400 3106 442 3198 δὴ
455 3109 534 3197 περὶ
554 3106 593 3177 τὸ
608 3118 706 3179 θεῖον
726 3105 1000 3195 νομοθετηθέντα

55 3205 111 3280 ύτδ
129 3217 191 3282 τού
207 3212 307 3303 Νόμα
328 3214 384 3282 καὶ
405 3213 620 3301 διαιρεθέντα
637 3208 719 3281 κατὰ
738 3208 796 3289 τὰς
816 3215 1001 3295 συμμορίας
1069 3298 1070 3303 ¹

55 3318 112 3383 τάν
123 3320 241 3405 ἱερῶν,
259 3319 293 3400 ἐξ
306 3304 355 3385 άν
369 3312 610 3407 εὐσεβεστέραν
626 3314 751 3400 συνέβη
766 3310 925 3399 γενέσθαι
939 3307 1001 3400 τὴν
1017 3326 1051 3379 30

56 3418 158 3506 πόλιν,
178 3417 261 3509 πρὸς
274 3433 343 3500 τοῖς
356 3417 468 3501 άλλοις
487 3418 637 3489 ἐλάττοσι
654 3411 693 3482 τά
712 3414 849 3500 μέγιστα
864 3413 918 3481 καὶ
933 3441 998 3500 φα-

56 3521 212 3612 νερώτατα
222 3520 317 3593 ταῦτ’
332 3513 382 3612 ἦν.
