2367 3850
409 145 645 208 -Γ-
946 145 1007 212 281

38 333 116 396 φον
135 301 348 396 ἐπιτείχισμα
358 307 442 377 κατὰ
457 314 513 399 τῆς
527 309 655 390 πόλεως
668 303 758 399 όρών
777 307 965 398 ἐσόμενον,
980 321 1014 380 εί

37 437 95 491 τις
116 407 201 502 αὐτῇ
221 415 307 480 ἐπίοι
326 409 464 500 στρατός
482 421 583 500 τείχει
607 415 664 482 καὶ
687 412 806 506 τάφρφ
832 414 1010 500 περιέλαβε

39 516 101 584 καὶ
117 513 196 594 τοὺς
208 517 434 602 μεταχθέντας
445 519 482 586 ἐκ
500 517 668 604 Τελλήνης
682 533 718 584 τε
731 518 787 584 καί
797 523 1010 603 Πολιτωρίου
1082 547 1085 553 ·

39 617 102 686 καὶ
122 622 194 686 τών
207 615 320 686 ἀλλων
334 617 466 687 πόλεων
486 617 576 688 όσων
590 618 772 708 ἐκράτησεν
790 621 828 687 ἐν
842 619 947 710 τοότφ
960 623 1010 712 τῷ

39 725 161 810 χωρίφ
180 724 400 808 καθίδρυσεν.
438 726 477 790 ἐν
497 721 559 810 μεν
585 720 627 810 δὴ
647 725 747 791 τοῦτο
769 717 807 789 τό
827 729 1009 809 πολίτευμα
1025 737 1043 788 σ

37 826 107 889 τοῦ
121 825 283 909 βασιλέως
297 828 519 911 παραδίέοται
534 822 639 894 καλόν
657 821 727 912 ἅμα
745 824 803 892 καὶ
823 849 1008 912 πραγματι-

38 922 126 1008 κόν,
154 927 188 1006 ἐξ
209 914 252 993 οὗ
271 926 405 1012 μείζονά
424 953 461 1022 τε
482 929 610 1015 συνέβη
636 928 796 1013 γενέσθαι
821 926 885 1015 τὴν
909 925 1010 996 πόλιν

40 1027 161 1115 ἑτέρας
181 1029 363 1115 προσθέσει
376 1028 503 1110 πόλεως
522 1031 579 1100 καί
606 1035 713 1119 πολλῇ
733 1031 819 1118 χειρί
838 1037 1009 1120 πολεμίων

39 1129 379 1217 ἐπιστρατευσάντων
391 1123 492 1221 ἦττον
505 1130 689 1221 εὔληπτον·

120 1231 316 1303 ΧΧΧΧΙΙΙΙ.
329 1232 466 1324 Ἕτερον
480 1237 521 1305 θέ
530 1262 562 1304 τι
575 1239 637 1304 τοῦ
650 1235 896 1324 προειρημένου
913 1234 1007 1303 πολι·
1027 1253 1061 1306 10

42 1334 209 1424 τεάματος
230 1329 399 1424 κρεῖττον,
423 1334 442 1407 ὃ
462 1340 519 1407 καὶ
539 1353 609 1416 τοῖς
621 1337 705 1409 κατὰ
719 1336 779 1406 τόν
793 1344 869 1425 βίον
883 1334 1009 1407 ἀπασιν

44 1436 352 1529 εὐδαιμονεστέραν
365 1436 472 1530 αὐτὴν
485 1445 621 1530 ἐποίησε
633 1443 691 1512 ιιαλ
710 1440 915 1528 πραγμάτων
927 1442 1008 1528 ἐπῆ-

44 1567 108 1630 ρεν
121 1539 275 1623 ἅψασθαι
288 1544 540 1633 γενναιοτέρων.
570 1548 632 1612 τοῦ
648 1541 712 1632 γάρ
731 1545 887 1631 Τεβέριος
906 1568 1008 1611 ποτα-

44 1649 114 1732 μοῦ
128 1652 387 1732 καταβαίνοντος
398 1647 460 1734 μὲν
473 1649 510 1717 ἐκ
522 1651 590 1716 τών
599 1644 809 1716 Ἀπεννίνων
821 1642 922 1734 όρών,
932 1642 1023 1733 παρ’,

3 1745 157 1835 λσαύτὴν
178 1747 215 1816 δέ
241 1746 303 1836 τὴν
321 1744 456 1838 Ῥώμην
483 1749 633 1837 βεόντος,
656 1749 878 1838 ἐμβάλλοντος
905 1744 937 1817 θ’
961 1754 1010 1828 είς
1027 1758 1059 1810 15

45 1846 222 1939 αίγιαλοός
235 1847 412 1938 ἀλιμένους
430 1853 486 1922 καί
500 1867 690 1943 προσεχεῖς,
709 1849 768 1933 οὓς
786 1849 824 1921 τό
843 1859 1009 1943 Τυρρηνιυ

45 1953 111 2023 κόν
131 1970 224 2024 ποιεί
238 1954 396 2041 πέλαγος,
419 1954 521 2043 μικρά
542 1956 581 2025 θέ
594 1958 651 2025 καί
665 1953 727 2027 οόκ
741 1954 817 2047 ἀξια
833 1956 934 2045 λόγου
947 1953 1011 2043 τὴν

42 2053 180 2144 Ῥώμην
201 2053 411 2143 ὠφελοῦντος
431 2055 487 2127 διά
506 2056 544 2127 τό
558 2060 670 2146 μηθὲν
689 2061 744 2128 ἐπὶ
764 2074 837 2138 ταῖς
857 2064 1011 2146 ἐκβολαῖς

47 2168 138 2247 ἔχειν
166 2158 347 2247 φρούριον,
382 2158 476 2239 ότάς
503 2162 770 2249 εἰσκομιζομένας
799 2159 854 2230 ίιά
880 2159 1008 2229 θαλάτ·

46 2289 107 2350 της
130 2263 187 2331 καὶ
206 2265 432 2351 καταγομένας
454 2261 590 2342 ἀνωθεν
608 2260 732 2351 ἀγοράς
755 2259 954 2344 ὑποδέξεταί
972 2288 1009 2330 τε
1026 2274 1061 2327 20

47 2367 104 2435 καί
126 2362 304 2451 ἀμείψεται
324 2382 394 2446 τοϊς
413 2368 691 2456 ἐμπορευομένοις
699 2397 715 2449 ,·
730 2369 849 2435 ίκανοῦ
863 2367 900 2434 δὲ
914 2362 1012 2445 όντος

47 2464 124 2555 ἄχρι
143 2466 206 2555 μὲν
216 2472 287 2535 τών
301 2474 416 2555 πηγών
430 2484 633 2557 ποταμηγοῖς
650 2466 816 2554 σκάφεσιν
830 2465 1010 2556 εὐμεγέθε-

48 2591 104 2639 σιν
131 2566 372 2657 ἀναπλεῑσθαι,
397 2569 479 2660 πρός
508 2570 615 2661 αὐτὴν
645 2570 683 2640 δέ
708 2569 772 2657 την
794 2566 929 2658 Ῥώμην
954 2570 1012 2637 καί

48 2678 246 2752 θαλαττίαις
273 2668 389 2743 ὁλκάσι
415 2672 589 2761 μεγάλαις,
618 2676 767 2743 ἐπίνειον
794 2678 882 2758 ἐγνω
909 2700 1011 2742 κατα·

49 2773 226 2858 σκευάζειν
239 2777 294 2845 ἐπὶ
311 2792 383 2855 ταῖς
396 2778 550 2864 ἐκβολαῖς
567 2774 672 2845 αὐτοῦ
685 2777 793 2863 λιμένι
808 2774 1012 2865 χρησάμενος
1028 2790 1062 2841 25

49 2874 144 2971 αὐτῷ
163 2882 211 2967 τῷ
235 2877 372 2966 στόματι
397 2882 458 2947 τοῦ
482 2883 641 2967 ποταμοῦ.
686 2874 866 2967 εὐρύνεταί
888 2904 923 2947 τε
947 2875 1013 2965 γάρ

50 2978 195 3050 ἐπιπολὺ
209 2982 250 3070 τῇ
261 2980 411 3069 θαλάττῃ
425 2981 607 3051 συνάπτων
620 2983 678 3050 καὶ
690 2980 835 3061 κόλπους
849 2978 1013 3067 λαμβάνει

51 3082 230 3171 μεγάλους,
239 3088 331 3162 οἵους
344 3089 378 3154 οί
388 3083 558 3169 κράτιστοι
570 3089 639 3153 τών
649 3092 841 3153 θαλαττίων
850 3084 1011 3168 λιμένων·

52 3182 69 3253 ό
88 3187 126 3253 δὲ
137 3185 279 3273 μάλιστα
292 3185 501 3274 θαυμάσειεν
514 3184 557 3255 ἀν
570 3215 638 3272 τις,
651 3184 715 3255 οὐκ
729 3183 938 3254 ἀποκλείεται
953 3188 1014 3251 τοῦ

52 3286 217 3375 στόματος
228 3283 294 3355 ὑπὸ
308 3293 365 3376 τῆς
379 3296 561 3369 θαλαττίας
576 3288 674 3368 θινός
690 3286 974 3376 ἐμφραττόμενος,
994 3282 1014 3354 ό
1031 3304 1065 3356 30

53 3389 219 3477 πάσχουσι
234 3392 349 3460 πολλοὶ
363 3392 501 3460 καλτών
513 3393 671 3481 μεγάλων
682 3394 856 3476 ποταμῶν,
874 3386 951 3457 οὐδ’
967 3394 1016 3467 είς

53 3496 111 3582 ἕλη
125 3494 183 3561 καὶ
191 3493 334 3583 τέλματα
349 3493 564 3585 πλανώμενος
577 3492 693 3563 ἀλλοτε
703 3488 787 3580 άλλη
801 3517 1013 3581 προκατανα-
