2367 3850
177 165 239 227 274
537 191 589 204 -—
641 159 772 223 P·-

176 321 364 416 ήγεμονίαν
377 320 518 412 έχόντος.
535 319 808 412 ἀνακτησάμενος
819 323 859 394 δὲ
871 320 914 394 τά
928 335 1144 417 κατερρᾳθυ-

180 429 310 519 μημένα
324 434 392 496 τών
406 432 507 516 ίερώυ
521 429 577 496 καί
594 426 655 496 τόν
673 425 780 515 ἀργόν
798 425 899 515 όχλον
913 429 971 496 ἐπὶ
984 426 1046 507 τάς
1060 433 1144 509 ίδίας

181 536 337 620 ἐργασίας
370 527 570 610 ἀποστείλας
606 529 723 619 ἐπῄνει
759 530 824 617 μέν
861 526 941 610 τούς
975 532 1143 619 έπιμελεῑς

179 631 364 724 γεωργούς,
392 633 557 722 ἐμέμφετο
584 633 624 702 δὲ
648 631 726 713 τούς
747 637 859 712 κακοῖς
877 637 1143 723 προισταμένους

145 757 162 807 5
180 743 248 807 τών
264 743 363 808 ίδίων
376 734 593 825 [κιημάτων],
608 731 653 816 ώς
666 733 709 805 ού
722 741 880 825 βεβαίους
893 742 1046 816 πολίτας.

257 837 426 910 XXXVII.
454 843 566 908 Ταῦτα
592 837 836 926 καθιστάμενος
856 836 898 906 τά
917 838 1141 928 πολιτεύματα
1173 850 1174 891 ³

178 943 235 1012 καὶ
251 939 374 1020 παντὸς
388 940 529 1030 μάλιστα
545 944 683 1021 ἐλπίσας
696 938 780 1010 ἀνευ
793 942 943 1028 πολέμου
956 943 1017 1010 καὶ
1033 947 1141 1010 κακών

179 1043 312 1114 ἅπαντα
332 1043 390 1114 τὸν
409 1051 485 1133 βίον
501 1045 728 1129 διατελέσειν,
749 1041 859 1130 ὥσπερ
874 1039 1140 1132 ὁμητροπάτωρ,

179 1146 242 1218 οὐκ
265 1143 500 1236 έσχενόμοίαν
525 1152 567 1236 τῇ
595 1148 787 1235 προαιρέσει
817 1144 880 1234 τήν
905 1147 1031 1235 τύχην,
1064 1146 1141 1216 ἀλλὰ

130 1273 163 1326 10
181 1249 270 1339 παρά
283 1250 346 1337 τήν
360 1251 481 1320 ἑαυτοῦ
500 1249 641 1337 γνώμην
653 1247 854 1337 πολεμιστής
870 1246 1078 1339 ἠναγκάσθη
1091 1279 1139 1338 γε·

91 1412 95 1417 .
180 1355 301 1424 νέσθαι
315 1356 371 1422 καὶ
382 1356 511 1442 μηδένα
524 1351 646 1440 χρόνον
655 1350 739 1422 ἀνευ
751 1351 916 1422 κινδύνου
929 1354 986 1422 καὶ
1000 1358 1141 1441 ταραχῆς

180 1463 310 1544 βιώσαι.
340 1453 445 1536 εὐθὺς
465 1454 529 1543 γὰρ
544 1454 612 1543 ἅμα
627 1459 676 1547 τώ
690 1465 877 1544 παρελθεῖν
889 1452 996 1524 αὐτόν
1012 1458 1072 1525 ἐπὶ
1087 1455 1140 1544 ιήν

180 1554 364 1649 ἡγεμονίαν
378 1557 502 1648 καλιήν
514 1556 713 1647 ἀπράγμονα
726 1565 954 1627 καθίστασθαι
971 1566 1140 1628 πολιτείαν
1173 1560 1174 1643 η

181 1662 495 1750 καταφρονήσαντες
512 1659 618 1730 αὐτοῦ
637 1668 777 1730 ’Λατῖνοι
794 1662 851 1729 καὶ
873 1667 1077 1749 νομίσαντες
1097 1659 1137 1730 δι’

131 1781 162 1832 15
180 1763 368 1852 ἀνανδρίαν
401 1763 462 1852 οὐχ
495 1762 613 1836 ἱκανὸν
641 1765 727 1834 εἶναι
753 1765 902 1850 πολέμου
932 1783 1138 1852 στρατηγειν,

180 1868 341 1958 ληστήρια
363 1865 549 1955 διέπεμπον
571 1873 618 1948 είς
639 1865 701 1959 τήν
720 1861 910 1955 ὁμοροῦσαν
931 1863 1136 1949 αύτοιςὲκα-

180 1991 252 2039 στοι
274 1968 405 2058 χώραν,
432 1967 493 2057 ὑφ’
507 1962 567 2048 ,ών
593 1972 709 2041 πολλοὶ
732 1967 904 2060 Ῥωμαίων
926 1970 1135 2056 ἐβλάπτοντο.

180 2070 396 2162 ἀφικομένων
407 2073 445 2143 δὲ
459 2071 547 2157 παρὰ
558 2080 618 2141 τού
631 2074 793 2161 βασιλέως
800 2079 1020 2162 πρεσβευτῶν
1033 2075 1090 2143 καὶ
1102 2071 1136 2141 τά

182 2182 296 2247 δίκαια
304 2174 474 2265 Ῥωμαίοις
487 2172 671 2256 ἀξιούντων
684 2172 821 2263 ὑπέχειν
834 2174 919 2244 κατά
933 2175 992 2255 τὰς
1010 2175 1133 2263 σννθή·
1146 2196 1170 2247 τι

131 2300 164 2352 20
181 2308 257 2366 κας,
287 2277 364 2348 οὔτε
390 2278 570 2367 γινώσκειν
597 2279 798 2366 έσκήπτοντο
824 2284 894 2347 τών
914 2280 993 2367 περὶ
1017 2278 1059 2348 τά
1083 2288 1132 2366 λη·

182 2372 308 2471 στήρια
326 2383 628 2470 κατηγορουμένων
651 2378 757 2451 οὐθὲν
784 2377 827 2459 ώς
851 2378 893 2449 ού
918 2378 1002 2469 μετά
1030 2387 1133 2469 κοινῆς

181 2485 316 2573 γνώμης
336 2484 524 2571 γεγονότων
537 2480 616 2553 ούτε
628 2480 784 2553 ὑπόδικοι
797 2486 956 2571 γενέσθαι
973 2480 1132 2574 Ῥωμαίοις
1171 2529 1172 2544 ,

182 2588 258 2675 περί
285 2584 428 2667 οὐθενός
455 2586 662 2675 πράγματος
690 2583 772 2655 ούδε
794 2584 860 2673 γάρ
884 2590 969 2673 πρὸς
992 2589 1132 2666 ἐκείνους
1170 2547 1172 2664 δ

181 2688 386 2777 ποιήσασθαι
400 2689 458 2771 τὰς
471 2689 657 2777 συνθήκας,
671 2685 756 2757 ἀλλά
769 2687 851 2777 πρός
863 2690 1014 2775 Τύλλον,
1027 2700 1129 2759 τελευ-
1171 2671 1173 2748 δ

132 2808 164 2859 25
182 2789 341 2879 τήσαντος
357 2792 393 2861 δὲ
407 2796 468 2861 τοῦ
486 2793 618 2863 Ἰόλλου
631 2791 794 2861 λελύσθαι
809 2800 903 2880 σφίσι
918 2789 976 2872 τάς
996 2794 1071 2881 περὶ
1082 2796 1130 2880 τής
1171 2785 1173 2860 ί

183 2892 316 2983 εἰρήνης
336 2888 522 2980 ὁμολογίας.
557 2893 786 2982 ἀναγκασθείς
806 2894 849 2984 δή
871 2893 927 2964 διά
943 2894 1067 2977 ταύτας
1081 2892 1129 2973 τάς

184 2999 302 3075 [αίτίας
322 2997 388 3079 καὶ]
409 2992 602 3085 ἀποκρίσεις
614 3002 685 3066 τών
698 3004 854 3066 Λατίνων
868 2994 885 3066 ὁ
898 2997 1056 3087 Μάρκιος
1068 2996 1128 3079 έξά-

182 3126 234 3181 γει
258 3095 416 3187 στρατιάν
451 3097 505 3169 ἐπ’
528 3097 651 3181 αὐτούς
675 3102 732 3170 καὶ
761 3100 1067 3189 προσκαθεζόμενος
1090 3105 1129 3191 τῷ

183 3206 399 3289 Πολιτωρίῳ,
416 3202 496 3288 πρὶν
510 3205 709 3289 ἐπικουρίαν
723 3200 800 3273 τινά
812 3217 880 3283 τοίς
899 3206 1126 3292 πολιορκουμέ-
1170 3201 1172 3348 ή

132 3316 164 3363 30
182 3324 252 3375 νοις
263 3303 299 3369 ἐκ
313 3306 381 3369 τών
392 3298 503 3371 ἀλλων
515 3301 696 3389 ἀφικέσθαι
703 3312 871 3392 Λατίνων,
886 3306 1127 3394 παραλαμβάνει

183 3394 244 3481 τήν
265 3398 363 3466 πόλιν
385 3401 468 3470 καθ’
483 3401 674 3509 ὁμολογίας;
700 3404 743 3475 ού
762 3410 875 3493 μέντοι
904 3410 1043 3495 διέθηκε
1062 3407 1126 3486 τούς
1169 3455 1170 3492 η

181 3489 383 3581 ἀνθρώπους
404 3504 518 3573 δεινὸν
537 3501 659 3589 οὐθὲν,
681 3503 758 3577 ἀλλ’
778 3515 913 3594 ἔχοντας
929 3508 971 3580 τά
991 3512 1124 3598 σφέτερα

1172 2289 1173 2300 ι

1170 2367 1174 2386 ρ

1169 3737 1171 3796 λ
