2367 3850
445 64 674 127 -A-
993 72 1099 136 39.

72 226 240 319 προσεχής
253 234 299 324 τῷ
313 232 452 325 κρημνηῑ
463 227 553 319 νάπη
567 246 708 310 πυκνοίς
719 231 776 300 καὶ
789 224 944 320 μεγάλοις
956 234 1033 304 δέν-
1051 252 1055 265 ’

71 340 196 423 δρεσιν
216 334 373 415 ἐπίσκιος.
408 340 494 405 ἔνθα
520 331 636 423 βωμόν
655 333 871 422 ἱδρυσάμενοι
897 342 943 429 τῷ
962 342 1035 431 θεῷ

69 435 137 525 τὴν
150 435 301 523 λπάτριον
319 444 446 507 θυσίαν
466 439 680 523 ἐπετέλεσαν,
705 434 749 527 ήυ
762 440 857 527 μέχρι
870 444 931 507 τοῦ
949 438 1030 510 καθ’

68 536 160 629 ήμᾶς
181 540 305 628 χρόνον
318 535 470 628 Ῥωμαῖοι
487 539 633 610 θύουσιν
652 542 690 609 ἐν
711 542 792 630 μηνὶ
812 550 1033 635 Φεβρουαρίῳ

69 642 158 730 μετὰ
177 642 236 723 τὰς
255 650 441 733 χειμερίους
454 640 594 733 τροπάς,
608 638 710 713 οῦδδυ
721 648 790 713 νῦν
801 644 875 715 τότε
894 649 1066 734 γενομέ·ο

68 773 147 825 νων
165 752 438 834 μετακινοῦντες·
460 743 478 815 ὁ
501 746 538 817 δέ
556 744 677 834 τρόπος
692 751 750 835 τής
769 758 894 829 θυσίας
908 752 947 818 ἐν
965 766 1033 830 τοῖς

71 854 189 918 ἔπειτα
208 849 417 939 λεχθήσεται.
448 852 503 919 ἐπὶ
526 848 563 919 δέ
581 854 622 941 πή
643 852 777 940 κορυφῇ
789 857 849 921 τοῦ
868 852 976 940 λόφου
993 851 1033 921 τό

71 956 131 1041 τῆς
144 959 255 1041 Νίκης
267 957 402 1044 τέμενος
422 952 587 1035 ἐξελόντες
610 960 734 1033 θυσίας
746 955 801 1022 καὶ
818 955 922 1045 ταύτῃ
935 983 1030 1025 κατε·

71 1054 237 1145 στήσαντο
253 1063 456 1146 διετησίους,
470 1054 508 1137 ῦς
521 1059 577 1127 καὶ
591 1053 646 1125 ἐπ’
663 1059 745 1145 ἐμοῦ
753 1051 903 1145 Ῥωμαῖοι
916 1064 1032 1128 έθυον.

15 1180 17 1223 ι
149 1159 299 1229 ΧΧΧΙΠ.
325 1157 457 1247 Ταύτην
471 1160 507 1229 δέ
519 1156 676 1249 Ἀρκάδες
690 1165 920 1247 μυθολογοῦσι
938 1160 1029 1229 Πάλ-
1049 1182 1082 1233 10

75 1272 194 1343 λαντος
213 1261 302 1333 εἶναι
318 1263 490 1352 θυγατέρα
502 1267 563 1331 τοῦ
576 1260 766 1343 Λυκάονος·
786 1261 883 1352 τιμάς
895 1262 934 1332 δέ
946 1260 1028 1350 παρ’

28 1384 58 1435 86
74 1364 269 1453 ἀνθρώπων
281 1362 321 1447 δὶς
335 1371 401 1453 ἔχει
414 1370 479 1435 νῦν
488 1362 634 1455 Ἀθηνᾶς
647 1363 807 1455 βουλήσει
820 1374 951 1453 λαβεῖν,
973 1392 1029 1453 γε·

75 1472 222 1556 νομένην
245 1474 302 1557 τῆς
328 1471 414 1539 θεοῦ
432 1468 635 1567 σύντροφον.
676 1472 820 1557 δοθῆναι
838 1466 903 1558 γάρ
924 1466 1031 1550 εῦθῦς

15 1634 16 1639 ,
74 1568 139 1641 άπὸ
157 1576 258 1661 γονῆς
280 1570 341 1660 τὴν
356 1569 502 1661 Ἀθηνᾶν
515 1571 687 1643 Πάλλαντι
701 1566 769 1641 ῦπό
784 1568 865 1651 Διὸς
878 1573 934 1641 καὶ
948 1569 1028 1660 παρ’

76 1680 193 1767 ἐκείνῳ
212 1678 295 1756 τέως
313 1681 360 1755 είς
382 1672 473 1764 ὥραν
494 1672 634 1763 άφίκετο
659 1679 836 1764 τραφῆναι.
871 1673 1028 1762 ίδρύσαυ·
1049 1700 1080 1750 15

15 1806 16 1811 ¹
75 1805 109 1848 το
131 1779 169 1849 δὲ
195 1779 252 1847 καὶ
272 1777 451 1867 Δήμητρος
472 1775 564 1867 ἱερὸν
583 1779 640 1848 καί
660 1775 718 1859 τάς
730 1782 854 1857 θυσίας
873 1775 960 1867 αῦτή
974 1776 1030 1848 διά

15 1874 16 1964 I
75 1886 247 1970 γυναικῶν
258 1908 294 1951 τε
305 1883 361 1951 καί
370 1890 556 1971 νηφαλίους
567 1888 709 1968 ἔθυσαν,
724 1876 907 1970 ῦςἝλλησι
919 1880 1030 1972 νόμος,

15 1975 16 1984 ¹
75 1975 123 2055 τόν
142 1981 245 2054 οῦδὲν
263 1980 281 2054 ὁ
302 1982 385 2054 καθ’
400 1982 484 2074 ἡμᾶς
502 1982 623 2074 ήλλαξε
637 1983 765 2073 χρόνος.
793 1982 972 2068 ἀπέδειξαν
993 1986 1030 2056 δέ

15 2001 18 2194 I
74 2090 128 2159 καὶ
142 2091 334 2158 Ποσειδῶνι
353 2089 488 2177 τέμενος
503 2085 620 2182 Ἱππίῳ
639 2089 696 2158 καὶ
713 2085 775 2176 τήν
794 2083 1029 2175 έορτὴνἹππο·

15 2195 16 2284 I
73 2191 209 2281 κράτεια
222 2192 284 2280 μὲν
302 2187 363 2260 ὑπ’
377 2187 563 2281 Ἀρκάδων,
582 2191 807 2262 Κωνσουάλια
821 2191 859 2260 δέ
876 2185 1028 2260 ῦπὸῬω-
1048 2219 1081 2268 20

73 2303 183 2381 μαίων
207 2293 369 2384 λεγόμενα
386 2293 647 2393 κατεστήσαντο,
668 2282 740 2382 ἐυή
757 2290 847 2380 παρά
861 2289 1030 2381 Ῥωμαίοις

74 2399 105 2480 ἐξ
127 2406 230 2477 ἔθους
251 2397 442 2468 ἐλινύουσιν
462 2403 571 2486 ἔργων
588 2402 686 2466 ἵπποι
706 2397 763 2465 καί
776 2392 865 2483 όρείς
879 2397 936 2465 καὶ
955 2401 1028 2466 στέ-

73 2527 194 2588 φονται
208 2499 266 2580 τάς
278 2499 426 2590 κεφαλάς
444 2499 574 2572 άυθεσι.
617 2497 724 2568 πολλά
742 2498 778 2569 δὲ
797 2500 853 2567 καὶ
874 2495 957 2567 άλλα
974 2526 1028 2569 τε·

74 2607 154 2692 μένη
180 2606 237 2672 καὶ
250 2601 383 2693 βωμούς
400 2605 456 2673 καλ
475 2605 576 2692 βρέτη
589 2606 683 2672 θεῶν
698 2608 939 2687 καθωσίωσαν,
954 2599 1028 2692 ἆγι·

38 2706 177 2794 θυμοάς
189 2732 226 2776 τε
241 2707 297 2776 καὶ
305 2715 429 2788 θυσίας
441 2705 683 2794 κατεστήσαντο
695 2711 873 2794 πάτρίους,
886 2712 925 2774 αἳ
934 2708 1028 2794 μέχρι
1045 2721 1078 2773 25
1153 2757 1171 2797 ⁸

74 2814 140 2879 νῦν
154 2806 233 2878 κατ’
246 2809 305 2897 ἐμὲ
318 2809 449 2897 χρόνων
463 2807 521 2880 τόν
536 2804 640 2878 αῦτόν
654 2811 802 2894 ἐγίνοντο
816 2807 951 2896 τρόπον.
987 2806 1030 2877 οῦ

75 2911 282 3000 θαυμάσαιμι
297 2909 328 2980 δ’
346 2907 389 2980 άυ
403 2920 434 2982 εί
446 2914 502 2981 καὶ
511 2915 690 3000 παρεῖνταί
699 2937 788 2991 τινες
803 2916 1029 2998 διαφυγοῦσαι

77 3015 133 3103 τήν
154 3019 222 3083 τῶν
249 3016 492 3103 ἐπιγινομένων
512 3014 647 3104 μνήμην
673 3009 739 3083 άπὸ
765 3018 827 3084 τοῦ
854 3013 945 3083 πάνυ
969 3011 1044 3100 άρῃ

77 3123 184 3204 χαίον·
198 3113 272 3186 ἀλλ’
288 3114 461 3206 άποχρολσί
475 3145 513 3208 γε
527 3121 564 3187 αί
574 3122 640 3187 νῦν
658 3121 707 3185 ἐτι
723 3116 896 3206 γινόμεναι
909 3114 1028 3202 τεκμή-

15 3303 16 3306 Ὶ
79 3247 129 3306 ρια
143 3219 229 3289 εἶναι
243 3223 311 3290 τῦν
326 3217 533 3310 Ἀρκαδικῶν
551 3245 632 3291 ποτε
645 3225 816 3310 νομίμων·
832 3216 1029 3306 λεχθήσεται
1045 3237 1080 3291 30

81 3323 114 3394 δὲ
131 3324 209 3410 περὶ
228 3319 340 3393 αῦτῦν
354 3326 408 3394 ἐπὶ
420 3334 539 3395 πλεῖον
549 3328 589 3394 ἐν
602 3323 733 3411 ἑτέροις.
755 3322 908 3408 λέγονται
921 3319 959 3388 δέ
972 3323 1028 3390 καὶ

82 3425 278 3516 γραμμάτων
298 3421 508 3516 Ἑλληνικῶν
528 3430 647 3518 χρήσιν
677 3428 724 3504 είς
740 3420 882 3494 Ἰταλίαν
906 3427 1030 3513 πρῶτον
