2367 3850
157 151 219 212 174
505 145 736 206 -Β-

154 339 209 392 τες
237 305 367 398 ιἰγορδιν
390 303 514 377 αότόθι
538 305 803 396 κατεστήσαντο,
843 297 867 395 ᾖ
892 307 950 374 καὶ
977 308 1042 376 νῦν
1067 312 1118 375 ἔτι

154 413 319 505 χρεόμενοι
327 409 482 499 Ῥωμαῖοι
502 415 711 496 διατελοῦσι,
730 411 788 480 καί
804 407 865 489 τὰς
876 407 1044 489 συνόδους
1059 412 1115 478 έν-

154 522 267 587 ταῦθα
288 518 464 584 έποωῦντο
486 518 525 584 ἐν
544 511 729 602 Ἡφαίστου
757 519 1011 604 χρηματίζοντες
1038 515 1118 604 ἱερῷ

155 614 567 711 μικρδνὺπερανεστῃκότι
578 613 779 706 τήςάχορόις.
798 615 872 706 ίερά
885 641 921 684 τε
936 613 1117 704 ίδρόσαντο

122 742 139 792 5
156 724 212 794 καλ
223 718 359 810 βωμοδς
376 723 592 809 καθιέρωσαν
610 716 660 800 οἷς
678 717 822 808 ηὔξαντο
835 715 920 787 κατὰ
934 716 994 798 τάς
1013 715 1118 805 μάχας

153 838 266 910 θεοῖς,
288 821 452 911 Ῥωμόλος
464 823 527 912 μὲν
544 819 705 916 όρθωσίφ
720 825 780 892 Διὶ
803 819 894 910 παρά
906 837 980 900 ταῖς
994 829 1114 890 καλου·
1133 845 1172 897 342

154 932 270 1018 μέναις
284 932 469 996 Μνκωνίσι
489 925 630 1012 πύλαις,
646 933 682 994 αἳ
696 928 858 1015 φέρουσιν
879 931 926 1004 εἰς
948 921 988 992 τό
999 923 1116 992 Παλά-

154 1057 228 1101 τιον
249 1032 287 1099 έκ
305 1034 363 1118 τής
382 1033 473 1116 ίερᾶς
486 1024 585 1115 ὁδοῦ,
608 1027 658 1098 ὅτι
675 1027 738 1118 τήν
756 1025 916 1116 στρατιάν
931 1024 1038 1096 αὐτοῦ
1051 1055 1117 1114 φυ-

155 1139 284 1222 γοῦσαν
297 1136 454 1220 έποίῃσεν
463 1128 482 1201 ὁ
490 1129 572 1212 θεὸς
581 1127 776 1211 ὑπακούσας
790 1137 862 1210 τἀῖς
873 1125 986 1217 εὐχαῖς
996 1133 1118 1218 στήναί

104 1255 139 1308 10
156 1265 192 1307 τε
207 1239 264 1307 καὶ
277 1234 360 1324 πρὸς
371 1232 478 1323 άλκὴν
490 1235 694 1324 τραπέσθαι·
717 1234 835 1314 Τάτιος
848 1233 885 1302 δέ
891 1230 995 1326 Ἡλίω
1009 1259 1048 1300 τε
1062 1233 1119 1300 καὶ

153 1339 289 1428 Σελήνῃ
309 1339 366 1407 καί
385 1336 509 1463 Κρόνφ
527 1339 584 1406 καί
598 1333 687 1430 Ῥέᾳ,
706 1334 789 1426 πρὸς
810 1337 848 1406 δε
862 1334 992 1415 τούτοις
1006 1331 1119 1404 ἰΕστία

153 1445 211 1513 καί
226 1439 331 1529 Ηφαί
330 1462 396 1536 στφ
418 1441 476 1509 καί
492 1437 658 1530 Ἀρτέμιδι
677 1443 733 1510 καί
749 1437 885 1510 ’ίΕνυαλ
885 1467 911 1509 ω
870 1440 988 1509 ίιιαλ
1005 1435 1121 1566 ριλλοις

154 1557 266 1631 θεοῖς,
288 1570 337 1614 ων
351 1541 499 1670 χαλεπὸν
512 1547 658 1628 ἐξειπεῖν
671 1540 804 1613 Ἑλλάδι
826 1510 955 1632 χλάττῃ
976 1539 1017 1612 τά
1039 1537 1125 1611 όνόσ
1177 1539 1178 1574 λ

154 1675 258 1738 ματα,
285 1645 368 1717 έν
349 1647 496 1727 αττάσαις
518 1675 557 1718 τε
580 1662 656 1726 ταῖς
680 1653 833 1736 κουρίαις
843 1643 933 1738 Ἥρα
955 1645 1119 1733 τραπέζας

106 1771 139 1823 15
157 1759 254 1822 ἔθετο
267 1757 416 1839 κυριτίδι
425 1752 721 1839 λεχομενη,αΐκαλ
735 1757 783 1830 είς
796 1749 878 1820 τοδε
886 1775 1009 1837 χρονου
1022 1759 1118 1816 κεῖν·
1177 1803 1178 1822 ,

154 1882 218 1924 ται
267 1859 324 1940 έτῃ
350 1843 472 1942 μὲν
431 1880 496 1922 ουν
522 1855 622 1922 πέντε
647 1859 937 1941 συνεβασίλευσαν
963 1847 1122 1940 ἀλλήλας
1177 1823 1178 1935 ί

101 1997 108 2012 ·
154 1954 241 2046 ὑπὲρ
260 1952 400 2036 οὐδενὸς
416 1957 655 2082 διαφερόμενοι
676 1956 855 2045 χρήματος,
877 1957 915 2024 έν
929 1950 978 2035 οἷς
999 1953 1120 2042 κοινήν
1135 1942 1178 2057 τιή

155 2063 277 2150 πρᾶξιν
297 2055 418 2128 άπεδεί
403 2058 570 2141 ίξαντο
535 2087 597 2149 τῃν
619 2060 674 2129 έπί
692 2065 908 2149 Καμερίνους
928 2064 1118 2143 στρατείαν.

155 2161 317 2289 λῃστήρια
337 2161 403 2251 γάρ
423 2164 703 2263 έιιπέμποντεςοί
718 2170 904 2251 Καμερῖνοι
928 2162 984 2231 καί
1009 2158 1121 2229 πολλὰ
1177 2196 1178 2209 ¹

104 2292 139 2341 εν
154 2265 216 2355 τήν
236 2265 347 2355 χώραν
362 2262 476 2335 αὐτῶν
497 2270 679 2346 κακοῦντες
699 2292 740 2335 ου
728 2262 962 2354 ’συνέβαινον
982 2264 1038 2333 ἐπὶ
1064 2267 1119 2331 δί-

155 2398 220 2459 κῃν
239 2366 438 2450 πολλάκις
419 2366 479 2439 υπ’
501 2366 615 2438 αὐτων
636 2366 854 2456 καλουμενοι·
879 2394 938 2448 ους
952 2368 989 2435 έιι
1008 2392 1119 2451 παρα·
1177 2348 1178 2429 ί

127 2491 131 2499 ’
154 2472 276 2557 ταξεως
284 2499 320 2541 τε
329 2471 525 2560 νιιιῃσαντες
532 2470 772 2560 (έχωρῃσαν
735 2498 798 2559 χαρ
810 2468 925 2549 αὐτοῖς
937 2466 1053 2558 ομοσε)
1061 2471 1178 2539 καί

154 2575 236 2665 μετά
248 2580 352 2643 ταῦτα
370 2578 408 2643 έκ
421 2580 629 2663 τειχομαχίας
644 2572 728 2643 κατά
741 2572 861 2661 κράτος
878 2572 1009 2653 ἑλόντες
1030 2570 1120 2642 ὅπλα
1177 2588 1178 2635 1

154 2678 217 2766 μέν
230 2673 410 2763 ἀφείλοντο
423 2678 481 2747 καί
494 2676 604 2765 χωρας
620 2680 807 2766 ’έζῃμίωσαν
821 2680 863 2767 τή
875 2684 970 2767 τρίτῃ
986 2682 1118 2765 μερίδι·
1177 2738 1178 2767 3

103 2808 137 2859 υτ
155 2784 245 2830 ****
269 2776 312 2867 ἢν
330 2782 587 2868 λυμαινομένων
609 2785 651 2870 τῇ
670 2788 765 2871 τρίτῃ
790 2776 896 2875 ἡμέρᾳ
917 2778 1117 2863 έκεξελθόν-
1177 2774 1178 2777 “

154 2910 208 2963 τες
221 2881 279 2951 καί
291 2881 543 2970 τροπωσάμενοι
562 2879 703 2971 αὐτοὺς,
724 2884 765 2953 τὰ
783 2884 845 2973 μὲν
857 2881 973 2953 αὐτῶν
983 2879 1118 2951 ἅπαντα

124 3022 127 3027 -
154 3000 225 3067 τοῖς
237 2987 412 3073 σφετέροις
426 2992 577 3067 πολίταις
597 2992 743 3073 διεῖλον,
762 2984 884 3067 αὐτοὺς
905 2984 943 3054 δὲ
956 2982 1034 3063 τοὺς
1054 2981 1116 3053 άν-
1177 2978 1178 3057 ί

153 3088 316 3179 θρόνους
336 3084 453 3159 ὁπόσοι
475 3088 655 3179 έβοόλοντο
675 3092 713 3160 ἐν
727 3085 836 3179 Ῥιόμῃ
854 3101 1025 3157 κατοικεῖν
1046 3096 1116 3156 εἴα·
1177 3102 1178 3107 ’

153 3214 226 3261 σαν.
247 3193 402 3279 ἐγένοντο
415 3188 447 3260 δ’
459 3187 504 3272 οδς
516 3199 782 3281 τετρακισχίλιοι,
797 3188 856 3271 οὓς
868 3204 940 3271 ταῖς
950 3188 1119 3278 φράτραις
1141 3182 1144 3191 ¹

103 3312 137 3363 30
154 3295 371 3383 ἐπεμέρισαν,
392 3296 450 3364 καί
461 3292 524 3384 τήν
540 3294 640 3364 πόλιν
653 3292 766 3363 αὐτῶν
779 3291 936 3364 άποικίαυ
945 3290 1119 3381 Ῥωμαίων
1177 3304 1178 3357 1

155 3398 325 3484 έποίῃσαν.
373 3389 418 3487 ήν
445 3397 484 3467 δδ
511 3393 683 3484 ἰ’ίλβανάν
710 3392 886 3485 άποίιιῃσις
913 3391 935 3483 ή
961 3403 1118 3484 Καμερία

154 3506 291 3577 πολλοῖς
311 3499 443 3588 χρόνοις
461 3496 689 3583 ,ἀποσταλεῖσα
714 3498 957 3590 πρότεροντής
971 3495 1116 3587 Ῥώμης·
