2367 3850
180 132 241 196 132
542 131 773 192 -B-··

179 291 307 381 ἄνδρας
319 289 374 362 άελ
394 293 472 381 κερλ
485 287 590 362 αὑτὸν
603 292 708 380 είχεν,
725 289 831 382 ὄνομα
851 291 889 362 δέ
904 287 1020 362 κοινὸν
1037 285 1146 362 άπαυ-

180 425 235 476 τες
255 386 348 464 οὗτοι
362 403 460 483 ἔσχον
473 397 635 486 κελέριοι,
651 392 694 476 άς
708 395 771 484 μέν
789 399 822 464 οἱ
840 401 977 475 πλείους
994 391 1147 484 γράφου-

182 523 239 569 σιν
252 501 307 570 έπλ
324 505 382 587 τῆς
395 497 552 588 όξάτητος
564 504 634 568 τάν
647 496 858 589 ὑπηρεσιῶν,
874 497 967 581 (τούς
983 495 1049 586 γάρ
1063 499 1147 566 ἑτοί-

183 629 267 692 μους
292 604 350 672 καλ
376 617 486 689 ταχεῖς
505 604 583 690 περὶ
603 599 643 671 τά
671 607 752 727 ἔργα
776 604 914 688 κέλερας
941 605 975 672 οί
994 597 1148 687 Ῥοτμάῖοι

148 720 166 772 ῖ
183 701 401 793 καλοῦσιν)’
378 732 422 786 ως
440 705 478 774 δδ
492 701 711 792 Οὐαλέριος
696 733 714 774 ο
729 701 877 784 Ἀντιεύς
890 723 996 792 φησιν
1016 704 1073 772 ἐπὶ
1088 707 1176 772 miz

182 805 346 896 ἡγεμόνος
364 805 477 878 αὐτῶν
499 812 579 876 τοῦτ
582 805 742 902 ’ἔχοντος
761 804 918 894 τοῦνομα.
949 797 994 894 ἦν
1008 802 1079 896 γάρ
1095 806 1149 876 καλ

183 910 312 982 τούτων
325 906 459 1000 ἡγεμὼν
472 900 815 998 ὁδιαφανέστατος,
788 938 815 1004 γ
829 923 918 1000 τρεῖς
931 904 1149 1033 ὑπετάγησαν

184 1011 416 1102 ἑκατόνταρχοι
437 1015 495 1082 καλ
515 1005 617 1093 αὖθις
630 1008 678 1082 ὑπ
681 1010 880 1093 ’έκείνοις“
861 1039 968 1100 ετεροι
983 1009 1045 1092 τὰς
1064 1007 1148 1080 ὑπο

184 1118 358 1205 δειστίρας
366 1113 529 1204 ἔχοντες
508 1114 628 1205 αρχάς,
642 1123 676 1186 οἳ
683 1117 766 1186 κατά
775 1114 836 1204 τὴν
845 1114 946 1184 πόλιν
958 1113 1021 1203 μέν
1031 1121 1148 1202 αἰχμο-

133 1234 166 1288 10
183 1219 284 1308 φόροι
296 1217 438 1311 τεαότςό
457 1217 741 1308 παρηκολούθουν
754 1220 892 1293 καὶτῶν
910 1220 1149 1305 κελευομένων
1170 1271 1176 1296 ,

182 1319 363 1411 ὑπηρέται,
380 1321 464 1392 κατά
486 1322 524 1392 δὲ
542 1320 601 1402 τάς
620 1326 794 1410 στρατείας
815 1321 982 1410 πρόμαχοί
999 1347 1040 1390 τε
1062 1311 1149 1409 ἦσαν

182 1427 241 1494 καλ
258 1431 501 1512 παρασπισταί·
522 1426 578 1494 καλ
589 1422 633 1494 τά
646 1421 753 1494 πολλὰ
771 1415 865 1496 οὗτοι
885 1421 1095 1511 κατώρθουν
1113 1425 1148 1492 έν
1172 1463 1176 1512 I

182 1545 252 1608 τοῖς
265 1524 371 1614 άγάσι
388 1533 517 1617 πρῶτοί
533 1553 570 1596 τε
590 1523 750 1616 ἄρχοντες
763 1525 867 1616 μάχης
889 1527 945 1596 καλ
958 1535 1148 1596 τελευταῖοι

182 1635 252 1702 τάν
265 1627 377 1700 άλλων
389 1628 629 1719 ἀφιστάμενοι,
650 1635 762 1710 ἱππεῖς
775 1630 838 1718 μὲν
856 1637 941 1700 ἔνθα
956 1629 1148 1717 ἐπιτήδειον

23 1815 26 1823 ¹
134 1752 166 1804 ιο
184 1745 237 1822 εἴη
255 1738 375 1802 πεδίον
387 1737 669 1822 ἐνιππομαχῆσαι,
685 1734 776 1816 πεζοὶ
797 1733 834 1803 δὲ
852 1729 938 1804 ὅπου
951 1729 1079 1820 τραχὺς
1093 1742 1148 1819 ελη
1175 1747 1176 1824 I

183 1837 241 1912 καλ
257 1832 402 1917 ἄνιππος
421 1834 530 1916 τόπος.
567 1835 667 1906 τοῦτό
682 1860 738 1925 μοι
760 1841 855 1906 δοκεῖ
872 1832 963 1922 παρά
975 1840 1147 1906 Λακεδαι-
1175 1831 1176 1903 I

183 1946 312 2029 μονιων
332 1938 651 2028 μετενέγκασθαι
617 1968 655 2011 το
677 1946 757 2020 ἔθος
770 1936 931 2030 μαθάν”
912 1966 964 2009 οτι
984 1940 1045 2010 καλ
1064 1935 1145 2026 παρ’

183 2047 326 2123 ἐκείνοις
335 2040 605 2132 οίγενναιότατοι
617 2047 686 2113 τοῖν
699 2046 788 2113 νέων
800 2037 984 2131 τριακόσιοι
997 2041 1175 2130 φύλακες
1174 2088 1175 2123 ,

182 2137 270 2235 ἦσαν
282 2150 351 2215 τάν
363 2144 583 2235 βασιλέοιν,ο
564 2140 646 2229 οἷς’
629 2151 773 2236 εχράντο
787 2144 871 2216 κατά
883 2143 961 2226 τοὺς
981 2132 1175 2235 πολέμους

131 2265 167 2318 2⁰
183 2264 445 2339 παρασπισταῖς,
460 2252 603 2319 ίππευσί
612 2274 649 2319 τε
666 2240 742 2319 οὖσι
758 2250 815 2319 καὶ
829 2257 949 2333 πεζοῖς.

255 2352 354 2422 XIIII.
381 2350 682 2441 Καταστησάμενος
708 2349 751 2441 δη
780 2356 884 2421 ταῦτα
910 2352 1061 2440 διέκρινε
1093 2348 1149 2430 τάς

182 2453 280 2541 τιμάς
302 2457 359 2524 καλ
381 2453 441 2535 τάς
456 2456 624 2541 ἐξουσίας,
644 2451 684 2535 άς
700 2452 858 2534 ἑκάστους
872 2453 1030 2542 ἐβούλετο
1047 2459 1144 2541 ἔχειν.

182 2564 316 2643 βασιλεῖ
332 2556 394 2644 μὲν
413 2548 476 2629 οὖν
491 2556 629 2649 ἐξῄρητο
647 2557 728 2627 τάδε
748 2555 789 2627 τά
811 2559 909 2647 γέρα·
928 2560 1064 2645 πρῶτον
1085 2556 1173 2645 μδνλ

182 2661 286 2748 ίεροὸν
315 2660 372 2727 καλ
394 2664 528 2731 θυσιάν
555 2654 739 2749 ἡγεμονίαν
765 2661 935 2749 ἔχεινκαὶ
960 2659 1070 2729 πάντα
1099 2656 1142 2729 δι’

131 2780 165 2833 σθ
183 2762 316 2831 ἐκείνου
329 2760 536 2849 πράττεσθαι
549 2761 590 2832 τά
604 2762 687 2853 πρὸς
700 2758 779 2843 τοδς
798 2760 901 2845 θεοὺς
912 2759 1006 2849 όσια,
1029 2768 1144 2833 ἔπειτα

81 2927 87 2936 ,
182 2861 298 2951 νόμον
315 2889 351 2933 τε
373 2865 430 2934 καλ
450 2870 602 2953 πατρίων
621 2869 775 2953 ἐθισμόν
793 2863 949 2955 φυλακην
971 2874 1143 2935 ποιεῖσθαι

56 2959 60 2971 ί
180 2967 239 3036 καὶ
258 2964 382 3046 παντός
394 2971 456 3035 τοῦ
468 2965 553 3037 κατά
565 2966 671 3056 φάσιν
684 2963 706 3059 ἢ
719 2966 804 3039 κατά
822 2967 997 3058 συνθήκας
1010 2972 1143 3039 δικαίου

180 3084 341 3157 προνοεῖν
360 3074 431 3139 τάν
449 3096 486 3139 τε
504 3067 720 3159 ἀδικημάτων
739 3068 781 3141 τά
800 3072 938 3159 μέγιστα
957 3071 1019 3160 μὲν
1038 3066 1142 3139 αὐτόν
1170 3106 1171 3157 η

180 3171 346 3259 δικάζειν,
364 3169 405 3242 τά
424 3169 458 3241 δ’
475 3172 634 3244 ἐλάττονα
647 3189 717 3255 τοῖς
735 3182 934 3263 βουλευταῖς
952 3174 1141 3261 ἐπιτρέπειν

128 3294 163 3345 30
180 3273 431 3363 προνοούμενον
456 3280 515 3345 ἵνα
540 3276 647 3365 μηδὲν
671 3284 826 3365 γίγνηται
851 3278 928 3364 περὶ
957 3274 1015 3355 τάς
1047 3278 1140 3351 δίκας

178 3380 384 3465 πλημμελές,
399 3377 528 3467 βουλήν
539 3402 582 3447 τε
590 3379 752 3466 συνάγειν
764 3382 820 3450 καλ
835 3385 944 3471 δῆμον
956 3386 1137 3466 συγκαλεῖν
1169 3430 1170 3437 .

177 3477 234 3546 καί
261 3479 397 3567 γνώμης
420 3477 539 3572 άρχειν
564 3481 622 3550 καλ
652 3478 692 3549 τά
720 3480 862 3565 δόξαντα
890 3496 960 3565 τοῖς
987 3486 1137 3551 πλείοσιν
