2367 3850
317 87 636 185 ...Β-

11 287 195 353 ικαλούσιν
216 280 383 372 αύγόρας,
411 279 508 373 ἡμεῖς
529 280 563 353 6'
585 279 630 353 ἀν
656 291 808 372 εἴποιμεν
829 283 993 356 οἰωνοπό-

32 395 112 466 λους
120 437 131 470 ,
140 381 270 475 ἀκόσης
281 392 340 476 τῆς
353 393 514 478 μαντικῆς
526 383 608 477 παρ’
620 383 734 467 αὐτοῖς
747 383 846 468 ὄντας
860 389 992 477 ἐπιστή-

32 515 138 612 μμνας
169 495 228 577 τῆς
250 516 287 558 τε
300 492 379 580 περὶ
398 489 439 559 τόι
459 488 602 581 ούράνιγι
621 491 678 558 καὶ
692 487 733 558 τόι
754 490 916 579 μετάρσια
935 493 994 560 καὶ

31 588 70 660 τά
91 594 236 678 ἐπίγεια.
276 591 341 681 τὴν
360 593 399 663 δέ
424 595 578 684 πέμπτην
598 605 670 673 ταῖς
690 593 936 682 φυλαττούσαις
955 591 993 663 τό

31 691 125 782 ίερόν
138 699 208 783 πύρ
224 697 426 786 παρθένοις,
446 705 485 767 αλ
502 699 684 766 καλοῦνται
701 693 785 786 πρὸς
804 693 918 779 αύτοῐν
938 698 992 766 ἰπὶ
1009 711 1027 763 5

32 802 88 884 τῆς
106 795 236 876 θεᾶς
213 793 258 886 ην
273 784 527 888 θεραπεύουσιν
548 797 713 886 έστιάθες,
740 795 841 880 αὐτὸς
863 803 994 886 πρῶτος

32 897 124 989 ιερόυ
145 899 371 990 ἱδρυσάμενος
385 897 557 992 Ρωμαίοις
565 898 693 980 Ἑστίας
714 902 771 970 καὶ
799 901 997 991 παρθένους

32 999 267 1086 ἀποδείξας’
225 1031 310 1094 αντη
298 1005 535 1094 θυηπόλους·
559 994 686 1090 ὑπέρ
660 1031 709 1073 ων
723 1001 778 1074 όλί
776 1030 818 1090 γα
763 1007 888 1074 ἰκαί
907 1001 993 1074 αύτόι

32 1103 70 1174 τά
85 1102 352 1195 ἀναγκαιότατα,
378 1113 436 1197 τῆς
455 1104 653 1186 ὑποθέσεως
667 1103 871 1195 ἀπαιτούσης
886 1103 992 1192 ἀναγ-

34 1225 129 1279 καῖον
145 1217 265 1280 εἰπεῖν.
301 1211 449 1300 ἔστιγὰρ
465 1206 487 1279 ἀ
500 1212 557 1281 καὶ
570 1209 731 1298 ζητήσεως
752 1205 887 1298 ἠξίωται
901 1207 992 1296 παρὰ
1011 1223 1043 1274 10

35 1321 168 1393 πολλοῖς
186 1318 256 1382 τῶν
264 1308 457 1402 Ῥωμαϊκῶν
470 1315 696 1400 συγγραφέων
715 1309 799 1382 κατά
815 1311 875 1381 τόν
888 1310 993 1384 τόπον

35 1420 169 1502 τοῦτον,
194 1406 244 1485 οἷν
260 1421 296 1485 οἰ
313 1414 372 1496 τάς
398 1422 507 1496 αἰτίας
526 1412 589 1485 ούκ
616 1414 807 1503 ἐξητακότες
829 1419 994 1505 ἐπιμελές

38 1520 239 1604 εἰκαιοτέρας
251 1519 434 1608 ἐξήνεγκαν
445 1518 504 1600 τὰς
517 1517 659 1606 γραφάς.

114 1620 221 1690 LXV.
253 1621 323 1711 T6v
349 1627 435 1711 γοῦν
451 1628 604 1709 ,ἵδρυσιν
627 1624 688 1689 τοῦ
708 1623 815 1709 1ίερού
836 1615 992 1714 Ῥωμύλῳ

37 1722 119 1803 τινές
147 1721 347 1794 ἀνατιθέασι
378 1730 449 1794 τοῖν
479 1721 661 1817 ἀμηχάνων
685 1729 877 1810 νομίζοντες
904 1721 992 1792 εἰναι
1011 1739 1042 1790 ιο

38 1825 161 1906 πόλεως
181 1830 388 1916 οἰκιζομένης
407 1824 470 1897 ὑπ’
495 1824 634 1914 ἀνδρὸς.
640 1828 800 1916 έμπείρου
833 1829 995 1951 μαντικης

39 1928 78 2018 μη
95 1936 414 2020 κατασκευασθῆναι
433 1936 568 2019 πρῶτον
588 1932 701 1999 ἑστίαν
720 1926 839 2020 κοινὴν
858 1935 916 2018 τῆς
930 1928 992 2001 πό

11 2043 27 2094 ’4
40 2041 131 2120 λεως,
150 2036 208 2103 καί
221 2039 326 2102 ταῦτα
339 2032 404 2104 έυ”
397 2042 495 2125 Αλβα
507 2060 569 2103 του
556 2037 716 2102 κτίστου
729 2032 933 2121 τραφέντος,
957 2034 995 2101 ἰν

39 2124 213 2259 ηπαλαιόν
233 2126 321 2219 ἐξ
280 2164 322 2205 ου
335 2134 372 2206 τό
386 2142 443 2225 τῆς
456 2142 539 2217 θεᾶς
550 2134 673 2223 ταύτης
694 2133 786 2226 ἰερόν
808 2136 995 2223 ἱδρυμένον

38 2229 90 2325 ἦν,
123 2240 241 2308 καί
202 2266 260 2328 της
280 2238 404 2328 μητρός
423 2236 529 2309 αύτού
548 2237 727 2409 θυηπόλου
752 2240 933 2326 γενομένης
952 2240 994 2325 τῇ
1012 2256 1045 2308 20

38 2345 118 2434 θεῷ·
156 2340 390 2431 διαιρούμενοί
406 2370 443 2412 τε
465 2347 543 2433 θιχῇ
563 2339 603 2411 τά
622 2346 694 2430 ἰερα
682 2338 769 2411 καί
789 2368 830 2409 τα
818 2336 973 2427 μέν’
932 2366 993 2407 αυ-

38 2448 99 2513 τόν
120 2442 222 2515 κοινά
241 2450 415 2526 ποιοῦντες
436 2447 493 2515 καί
515 2442 690 2530 πολιτικοὶ,
722 2442 763 2513 τὰ
787 2444 825 2513 δὲ
847 2446 918 2511 ἰθια
938 2443 995 2510 καί

40 2545 236 2635 συγγενικὰ,
266 2545 314 2617 δι’
337 2546 439 2637 ἀμφο)
458 2547 564 2617 ταύτά
584 2566 668 2635 φασι
691 2543 820 2635 πολλὴν
843 2541 995 2632 ἀνάγκην

41 2648 119 2719 εἰναι
133 2656 181 2745 τῷ
188 2646 347 2744 Ῥωμύλῳ
359 2650 487 2740 ταύτην
507 2656 622 2738 σέβειν
634 2648 696 2740 τὴν
709 2649 802 2719 θεόν.
831 2644 909 2718 οὔτε
930 2647 995 2737 γάρ

40 2749 297 2844 ἀναγκαιότερον
321 2751 518 2841 ἀνθρώποις
545 2750 648 2823 οὐδὲν
683 2750 770 2822 εἶναι
795 2756 854 2841 της
880 2757 996 2840 κοινῆς
1013 2776 1045 2827 25

42 2855 142 2937 ἑστίας
154 2854 234 2926 ούτε
246 2852 459 2950 τῷῬιομύλφ
473 2854 557 2925 κατά
577 2853 738 2945 διαδοχὴν
752 2858 872 2943 γένους
893 2851 996 2924 ούίὲν

42 2958 237 3049 οἰκειότερον
255 2959 440 3048 ’προγόνων
458 2960 521 3049 μὲν
543 2956 727 3048 ὑπάρχοντι
751 2964 820 3029 τόν
846 2960 880 3039 ἐξ
898 2954 997 3025 Ἰλίου

41 3060 76 3130 τὰ
86 3068 146 3152 της
159 3067 242 3144 θεάς
256 3061 330 3152 ίερά
342 3063 655 3151 μετενεγκαμένων,
673 3060 796 3151 μητρός
810 3059 848 3131 δέ
862 3062 995 3143 ίερείας.

42 3164 162 3236 ἐοίκασι
184 3163 220 3235 6'
242 3171 277 3237 οἰ
294 3164 350 3235 διὰ
369 3172 475 3235 ταῦτα
495 3163 558 3255 τὴν
577 3170 715 3253 ἵδρυσιν
733 3168 793 3233 τοῦ
814 3156 994 3249 ἰερούῬω-

43 3266 129 3362 μύλφ
150 3274 279 3358 μᾶλλον
306 3266 526 3350 ἀνατιθέντες
545 3264 567 3358 6
585 3267 704 3359 Νόμᾳ,
737 3264 775 3336 τό
796 3264 859 3354 μέν
881 3260 996 3334 κοινὸν
1014 3286 1047 3338 30

43 3365 148 3456 ὀρθῶς
161 3375 292 3461 λέγειν,
312 3369 364 3444 ότι
377 3372 506 3453 πόλεως
520 3374 724 3459 οἰκιζομένης
738 3372 850 3439 έστίαυ
863 3370 997 3453 πρῶτον

45 3474 107 3543 ἔθει
127 3480 313 3568 ἱδρυθῆναι
334 3477 391 3547 καί
412 3481 518 3546 ταῦτα
540 3470 604 3545 ὑπ’
626 3468 749 3563 ἀνδρὸς
769 3466 833 3540 οὐκ
854 3464 996 3561 ἀπείρου
