2367 3850
158 100 223 164 292
522 98 758 171 *Γ*

161 260 285 350 νυκτὸς
305 257 536 350 ἐπιλαβούσης.
567 257 590 352 ἡ
609 261 724 351 μέντοι
734 255 894 350 ’μετάτδν
911 255 1032 349 άγῦνα
1054 259 1137 332 διά·
1159 298 1169 312 ·

102 357 105 364 *
164 392 239 435 νοια
258 366 424 452 ἑκατέρων
436 361 497 451 οῦχ
516 361 616 454 ὁμοία
630 367 794 453 γενομένη
809 363 977 451 φανεροὺς
990 368 1139 451 ἐποίησε

166 467 245 549 τοῦς
269 483 422 554 κρεῖττον
447 464 718 554 ἀγωνισαμένους
743 472 812 536 τῶν
834 469 973 553 ἑτέρων·
998 471 1044 554 τῇ
1063 464 1137 552 γάρ

166 572 238 658 ἑξῆς
250 565 501 660 ἡμέρᾳΛατίνοι
515 571 576 659 μὲν
590 565 703 638 οῦκέτι
716 568 888 657 προῄεσαν
901 573 939 638 ἐκ
952 573 1014 636 τοῦ
1026 569 1134 656 χάρα-

131 693 149 746 ο
166 699 223 753 τος
231 723 240 758 ,
255 668 273 740 ὃ
288 672 324 740 δὲ
334 667 589 759 τωνῬωμαίων
597 670 755 760 βασιλεῦς
769 670 941 758 ἐξαγαγών
951 668 1009 751 τάς
1024 669 1133 740 δυνά-

166 802 238 864 μεις
252 778 299 853 είς
315 773 351 842 τὸ
365 779 485 842 πεδίον
505 779 634 862 ἕτοιμος
647 766 690 862 ἦν
702 776 820 863 ἑτέραν
835 784 1007 843 ποιεῖσθαι
1020 773 1135 860 μάχην

160 879 223 946 ,καί
249 879 344 962 μέχρι
371 880 497 944 πολλοῦ
524 879 684 963 κατέσχεν
709 878 747 945 ἐν
765 876 855 960 τάξει
875 873 938 963 τὴν
957 874 1134 962 φάλαγγα.

167 975 212 1058 ῦς
230 977 264 1047 δ’
282 975 345 1047 οὐκ
359 975 605 1068 ἀντεπεξῄεσαν
617 975 659 1047 ὀί
674 980 844 1066 πολέμιοι,
864 977 1053 1056 σκυλεύσας
1065 975 1134 1046 αῦ-

166 1087 235 1150 τάν
253 1079 332 1160 τοῦς
353 1079 495 1166 νεκροῦς
523 1081 580 1149 καί
607 1079 686 1160 τοῦς
708 1085 816 1160 ίδίους
835 1077 1037 1166 ἀνελόμενος
1063 1078 1134 1148 σῦν

116 1203 150 1256 10
168 1188 281 1274 πολλῷ
294 1181 458 1272 αὐχήματι
473 1180 582 1270 ἀπῆγε
598 1181 661 1271 τὴν
674 1181 835 1269 στρατιάν
849 1184 906 1252 ἐπὶ
924 1180 985 1250 τόν
1006 1183 1137 1250 ἑαυτοῦ

166 1287 304 1374 χάρακα.
822 1281 827 1286 ’
930 1313 934 1316 ·
1086 1272 1091 1281 A

238 1387 318 1456 LIII.
351 1395 429 1466 Ταίς
451 1383 483 1452 δ’
500 1388 573 1472 ἑξῆς
592 1381 729 1473 ἡμέραις
748 1382 955 1474 ἀφικομένης
973 1385 1044 1462 τοῖς
1059 1391 1134 1451 Λα-

166 1497 269 1568 τίνοις
289 1491 401 1578 ἑτέρας
421 1486 511 1574 παρὰ
542 1493 729 1576 Τυρρηνῶν
754 1494 942 1576 συμμαχίας
972 1484 1135 1573 δεύτερος

167 1589 262 1680 ἀγόν
274 1597 403 1678 γίνεται
417 1588 503 1659 πολῦ
517 1596 640 1678 μείζων
653 1595 715 1658 τοῦ
719 1593 910 1678 προτέρου,
927 1591 960 1670 ἐξ
972 1579 1014 1656 οὗ
1028 1594 1134 1675 νίκην

117 1707 150 1758 15
168 1691 355 1779 ἀναιρεῖται
378 1692 536 1781 βασιλεῦς
561 1691 748 1780 Ταρκύνιος
771 1690 1058 1779 ἐπιφανεστάτην,
1091 1682 1137 1778 ἧς

167 1794 269 1876 αῦτδς
294 1807 399 1874 αίτιος
425 1792 627 1882 ὡμολογεῖτο
654 1790 722 1863 ῦπδ
747 1793 885 1878 πάντων
913 1798 1133 1880 γεγενῆσθαι.

167 1895 358 1987 καμνούσης
384 1895 449 1985 γάρ
478 1896 541 1987 ἤδη
569 1902 629 1986 τῆς
659 1892 848 1987 Ῥωμαϊκῆς
875 1896 1048 1984 φάλαγγος
1072 1897 1134 1964 καί

167 1999 252 2071 κατὰ
274 1997 312 2069 τὸ
332 1997 511 2089 ἀριστερόν
534 2003 634 2088 κέρας
660 2001 984 2089 παραρρηγνυμένης
1007 1996 1135 2085 μαθών

165 2103 204 2173 τὸ
217 2101 395 2192 γινόμενον
409 2102 579 2191 ἐλάττωμα
591 2104 669 2189 περί
680 2099 759 2182 τοῦς
771 2103 955 2189 σφετέρους
968 2106 1081 2189 (ἔτυχε
1093 2100 1134 2169 δέ

116 2218 151 2271 2ss
167 2206 241 2281 τότε
260 2204 444 2293 μαχόμενος
465 2206 519 2274 ἐπὶ
540 2210 602 2273 τοῦ
623 2208 736 2287 δεξιοῦ
755 2207 908 2291 κέρατος)
933 2202 992 2283 τάς
1011 2211 1128 2290 κρατί·
1181 2253 1183 2256 .

167 2328 247 2389 στας
258 2312 327 2376 τεῦν
338 2310 467 2377 ἱππέων
481 2316 553 2387 λλας
568 2308 768 2394 ἐπιστρέψας
781 2308 836 2375 καὶ
851 2311 921 2375 τόν
932 2309 1041 2389 πεζόν
1054 2304 1134 2386 τοῦς

167 2408 408 2499 ἀκμαιοτάτους
426 2407 607 2499 ἀναλαβών
628 2400 689 2497 ἦγε
703 2407 788 2478 κατά
800 2408 987 2497 νότουτῦγς
1007 2410 1135 2477 ἑαυτοῦ

167 2518 323 2603 στρατιάς
337 2514 393 2581 καὶ
405 2512 615 2599 παραλλάξας
628 2513 666 2580 τό
679 2509 857 2600 ἀριστερόν
868 2514 969 2599 κέρας
980 2507 1135 2598 ἤλαυνεν

168 2624 217 2685 ἐτι
231 2616 429 2703 προσωτέρω
444 2622 502 2703 της
515 2614 696 2701 φάλαγγος.
729 2620 845 2683 ἔπειτα
859 2614 1062 2701 ἀποτρέψας
1074 2616 1134 2682 ἐπὶ

117 2734 150 2807 τῷ
169 2715 253 2802 δόρυ
268 2717 324 2783 καί
339 2715 379 2784 τά
402 2719 525 2805 κέντρα
539 2714 741 2806 προσβαλάν
759 2734 829 2795 τοῖς
841 2721 958 2795 ἵπποις
972 2720 1021 2795 είς
1044 2724 1132 2783 πλα-

167 2826 262 2906 γίους
288 2818 445 2905 ἐμβάλλει
467 2818 545 2898 τοῦς
570 2822 652 2898 τόν,
665 2824 849 2907 Τυρρηνῶν
875 2817 995 2905 λόχους
1022 2808 1134 2900 (οῦτοι

167 2918 231 3008 γάρ
250 2922 304 2989 ἐπὶ
317 2926 378 2989 τοῦ
392 2926 503 3004 δεξιοῦ
517 2926 586 2991 των
604 2929 775 3009 πολεμίων
792 2920 973 3009 μαχόμενοι
993 2922 1133 3008 κέρατος

168 3024 349 3109 ἐτρέψαντο
368 3020 446 3103 τοῦς
465 3021 557 3093 καθ’
572 3023 744 3109 ἑαυτούς),
767 3024 941 3109 ἐπιφανείς
965 3018 1001 3089 δ’
1015 3018 1132 3102 αὐτοῖς

167 3122 417 3213 ἀπροσδόκητος
440 3123 573 3214 πολλὴν·
599 3128 759 3213 ἔκπληξιν
782 3128 852 3195 καλ
865 3121 1016 3211 ταραχὴν
1041 3150 1142 3212 παρ--

117 3245 150 3295 30
169 3228 272 3311 ἔσχεν.
296 3228 333 3295 ἐν
347 3226 384 3295 δὲ
397 3227 505 3319 τούτῳ
520 3228 574 3296 καί
589 3224 700 3316 ηπεζὴ
713 3224 971 3316 τῦνῬωμαίων
983 3225 1131 3314 δύναμις

168 3324 382 3414 ἀναλαβοῦσα
410 3327 541 3417 ἑαυτὴν,
560 3332 598 3397 ἐκ
624 3336 685 3398 τοῦ
705 3334 870 3418 προτέρου
898 3334 1056 3416 δείματος
1083 3334 1131 3408 είς

168 3422 333 3495 ἀντίπαλα
352 3430 469 3517 ἐχώρει
476 3482 487 3515 ,
518 3430 575 3499 καί
600 3430 683 3518 μετὰ
709 3436 807 3502 τοῦτο
832 3430 935 3519 φόνος
962 3457 1009 3512 τεΙ
1025 3427 1132 3511 πολῦς
