2367 3850
200 189 261 252 150
550 218 594 228 -
650 183 679 248 ε
734 216 793 266 -s

198 345 336 426 τούτους
355 343 432 426 τοός
457 351 556 434 βίους
581 349 753 434 ἐγκρατεῖς
767 342 988 434 ’ἀφροδισίοις
1008 371 1044 414 τε
1063 335 1159 432 ἦττον

199 447 392 520 ἁλίσκονται
414 447 621 536 παρανόμοις
639 442 845 531 πλεονεξίαν
870 475 906 518 τε
932 443 974 517 οὐ
996 445 1059 536 τήν
1083 447 1158 534 βλά-

200 571 350 622 πτουσαν
362 548 526 640 ἀλλήλους
539 550 740 636 διώκουσιν,
760 547 844 622 ἀλλά
858 548 918 638 τήν
932 545 997 618 ἀπὸ
1012 553 1082 618 τάν
1103 575 1156 618 πο·

200 661 325 743 λεμίων
339 654 623 743 περιποιουμένην
636 651 694 733 τὰς
708 649 881 740 ἀφελείας.
916 649 1018 739 ἀτελή
1033 651 1071 720 δὲ
1087 650 1157 720 τοό-

166 773 184 826 ο
200 783 270 826 των
284 755 444 842 ἑκάτερον
457 751 641 844 ἡγούμενος
656 755 742 826 εἶναι
758 758 826 824 τῶν
840 762 926 843 βίων
940 752 1158 843 χωριζόμενον

200 859 349 947 θατέρου
368 859 425 928 καλ
439 863 608 945 φιλαίτιον
629 855 691 948 οὐχ
711 859 833 945 ἑτέροις
847 858 909 946 μέν
923 878 1012 926 τισιν
1031 853 1157 926 ἀπέδω-

202 987 261 1032 κεν
288 959 487 1049 ἐργάζεσθαι
511 957 574 1049 τήν
600 966 682 1049 γῆν,
710 961 834 1044 ἑτέροις
866 959 904 1030 δέ
926 955 967 1027 τά
993 966 1159 1047 πολεμίων

202 1064 319 1151 φέρειν
340 1089 376 1131 τε
394 1063 451 1133 καὶ
469 1059 567 1148 άγειν
586 1059 631 1142 ὡς
650 1059 669 1132 ὁ
690 1061 779 1150 παρά
799 1067 1080 1148 Λακεδαιμονίοις
1099 1059 1158 1148 εἶχε

201 1164 321 1254 νόμος,
341 1162 426 1234 ἀλλά
447 1163 525 1244 τούς
543 1161 667 1245 αὐτοὺς
685 1163 745 1234 τόν
765 1191 802 1262 τε
819 1162 1000 1252 πολεμικόν
1027 1165 1088 1234 καὶ
1107 1161 1158 1231 τόν

150 1290 184 1342 ιο
202 1265 387 1356 γεωργικόν
407 1270 500 1349 ἔταξε
518 1273 598 1354 βίον
610 1272 684 1355 ζήν·
709 1272 740 1336 εί
751 1266 814 1354 μὲν
828 1266 965 1356 εἰρήνην
979 1263 1098 1352 ἀγοιεν
1112 1269 1158 1336 ἐπὶ

200 1383 269 1450 τοῖς
288 1366 362 1439 κατ’
373 1365 480 1458 ἀγρὸν
492 1376 602 1457 ἔργοις
619 1373 741 1452 ἐθίζων
753 1366 903 1449 ἅπαντας
922 1370 1056 1456 μένειν,
1079 1367 1158 1456 πλήν

202 1481 236 1540 εί
244 1495 325 1541 ποτε
344 1477 503 1560 δεηθεῖεν
521 1470 663 1560 ἀγοράς,
685 1472 758 1542 τότε
773 1468 807 1540 δ’
827 1470 972 1552 είςάστυ
986 1470 1158 1550 συνιόντας

200 1571 392 1662 ἀγοράζειν,
414 1574 535 1662 ἐνάτην
556 1571 676 1664 ὁρίζων
693 1570 820 1662 ἡμέραν
839 1588 912 1654 ταῖς
930 1570 1088 1661 ἀγοραῖς·
1111 1571 1157 1642 ὅτε

202 1676 240 1746 δέ
254 1674 397 1783 πόλεμος
409 1676 591 1764 καταλάβοι
605 1675 847 1765 στρατεύεσθαι
862 1675 1032 1746 διδάσκων
1045 1677 1105 1746 καὶ
1118 1674 1155 1763 μή

150 1792 183 1844 15
200 1794 425 1866 παραχωρεῖν
433 1781 556 1864 ἑτέροις
575 1780 657 1904 μήτε
671 1784 740 1848 τῶν
753 1779 870 1848 πόνων
883 1778 964 1902 μήτε
983 1783 1054 1847 τεόν
1076 1774 1177 1866 ἀφε·

199 1884 309 1950 λειων.
350 1878 460 1971 διήρει
485 1879 549 1970 γάρ
576 1879 690 1961 αὐτοῖς
716 1884 749 1965 ἐξ
776 1891 852 1952 ίσον
879 1887 944 1971 γῆν
963 1907 998 1949 τε
1016 1876 1105 1971 ὅσην
1122 1876 1156 1949 ἀν

198 1979 355 2071 ἀφέλοιτο
367 1990 548 2072 πολεμίους
563 1986 621 2054 καλ
634 1981 830 2069 ἀνδράποδα
844 1987 898 2053 καλ
920 1982 1088 2072 χρήματα,
1109 1985 1157 2053 καί
1175 2048 1176 2055 ,

199 2083 446 2175 παρεσκεύαζεν
461 2083 640 2175 ἀγαπητῶς
655 2088 812 2173 δέχεσθαι
827 2085 884 2166 τάς
898 2094 1084 2175 στρατείας.

270 2185 436 2257 XXVIIII
464 2192 540 2257 Των
566 2186 602 2259 δ’
618 2195 665 2269 είς
691 2184 855 2277 ἀλλήλους
879 2186 1098 2277 ἀδικημάτων
1123 2186 1175 2257 οά

148 2303 182 2357 w
198 2296 353 2415 χρονίους
378 2288 464 2360 ἀλλά
483 2298 614 2377 ταχείας
634 2293 776 2361 έπωείτο
805 2289 863 2371 τάς
889 2298 1015 2380 κρίσεις
1040 2289 1083 2359 τά
1102 2318 1157 2379 μεν

199 2388 299 2472 αὐτὸς
320 2397 476 2478 διαιτων,
498 2390 539 2461 τά
560 2391 593 2462 δ’
613 2391 726 2474 ἀλλοις
739 2395 945 2482 ἐπιτρέπων,
967 2392 1078 2463 καλ
1039 2421 1100 2473 τας
1113 2386 1174 2461 τι

197 2500 326 2583 μωρίας
351 2492 465 2564 αάτων
491 2492 575 2583 πρός
600 2493 641 2564 τά
667 2498 796 2585 μεγέδη
822 2520 890 2565 των
916 2474 1174 2585 ἁμαρτημάτων

199 2600 353 2665 ἐποιεῖτο.
368 2594 571 2684 ἀποτρέπειν
583 2624 620 2667 τε
633 2593 865 2685 άνθριόπονς’
847 2595 914 2669 απὸ
923 2596 1048 2679 παντός
1063 2608 1156 2687 ἔργον

199 2703 349 2785 πονηροῦ
367 2697 427 2769 τόν
448 2698 558 2788 φόβον
570 2699 712 2789 μάλιστα
735 2696 960 2789 δυνάμενον’
945 2728 1034 2788 ορων
1055 2698 1157 2771 πολλά

148 2816 181 2873 ²⁶
200 2803 247 2879 είς
267 2804 366 2869 τοῦτο
380 2802 653 2889 παρεσκευάσατο
672 2810 796 2893 χωρίον
810 2830 865 2890 τε,
880 2807 918 2874 έν
933 2794 961 2895 ᾦ
978 2804 1154 2891 καθεζόμε-

197 2926 256 2981 νος
282 2905 450 2990 ἐδίκαζεν,
482 2907 519 2974 έν
546 2909 594 2996 τῷ
621 2905 845 2999 φανερωτάτῳ
871 2911 929 2995 τής
955 2902 1078 2994 ἀγοράς
1105 2906 1155 2975 καὶ

197 3010 426 3091 στρατιωτῶν,
442 3012 477 3074 οἳ
489 3007 771 3094 παρηκολούθουν
785 3006 877 3100 αὐτῷ
897 3009 1081 3095 τριακόσιοι
1101 3004 1154 3076 τόν

196 3102 345 3195 ἀριθμόν
372 3105 484 3193 ὄντες,
511 3110 870 3200 καταπληκτικωτάτην
895 3110 1078 3199 πρόσοψιν,
1100 3106 1171 3199 ῥά·

196 3213 301 3296 βδους
329 3238 365 3279 τε
395 3213 452 3281 καλ
477 3216 628 3295 πελέκεις
649 3209 712 3285 ὑπ’
732 3211 869 3302 ἀνδρῶν
898 3213 1029 3297 δυόδεκα
1057 3240 1151 3301 φερο-

145 3328 180 3381 δθ
197 3312 335 3397 μένους,
361 3309 413 3394 οἷς
427 3310 512 3394 7τούς
529 3316 592 3403 μὲν
610 3313 685 3399 ἀξια
704 3326 874 3405 μαστίγων
894 3314 1098 3404 δεδρακότας
1119 3318 1151 3385 ἐν

196 3408 303 3501 ἀγορᾷ
324 3418 474 3501 ἔξαινον,
500 3417 622 3487 τῶνδέ
641 3416 681 3487 τά
694 3422 832 3507 μέγιστα
852 3419 1061 3509 ἠδικηκότων
1082 3416 1150 3495 τούς

196 3512 377 3599 τραχήλους
394 3514 586 3588 ἀπέκοπτον
609 3520 647 3591 ἐν
674 3525 721 3615 τῷ
739 3528 887 3615 φανεροί.
924 3527 1075 3605 τοιοῦτος
1093 3520 1148 3613 μέν
