2367 3850
407 162 633 225 -Β-
933 167 993 229 149

31 327 149 392 τούτου
161 320 382 412 εἰσηγήσαντο
393 321 454 392 τόν
462 323 568 413 νόμον
576 321 759 414 Ῥωμαίοις,
773 322 848 396 ἀλλ’
857 328 896 396 ίκ
909 337 991 398 πολ·

32 429 89 494 λοῦ
107 431 266 513 κείμενον
285 425 537 515 παραλαβόντες
555 423 618 496 ούκ
638 427 824 516 ἐτόλμησαν
842 425 989 516 άνελεῖν,

32 531 65 597 ἐκ
78 533 215 598 πολλῶν
233 527 296 616 μὲν
311 531 367 598 καὶ
387 527 500 599 ἄλλων
513 529 826 620 καταλαμβάνομαι,
846 532 989 620 μάλιστα

32 627 59 699 δ’
70 633 107 700 έκ
120 636 193 701 τῶν
202 634 303 719 Νομά
316 639 506 720 Πομπιλίου
518 637 580 700 τοῦ
595 631 679 720 μετά
687 629 854 721 Ῥωμύλον
867 631 987 722 άρξιιν-

30 760 80 812 τος
101 734 240 822 νόμων,
259 737 298 802 έν
317 729 369 815 οἷς
387 735 444 803 καὶ
462 725 560 815 οὗτος
576 736 775 822 γέγραπται·
798 735 860 805 έάν
879 736 987 826 πατὴρ
1005 757 1021 808 ο

29 841 88 929 νίῷ
103 836 310 926 συγχωρήσῃ
329 853 476 924 γυναῖκα
489 835 677 926 ἀγαγέσθαι
690 836 858 908 κοινωνὸν
871 842 986 928 ἐσομέ-

29 967 88 1027 νηυ
102 943 209 1027 ίερολν
220 965 257 1008 τε
270 940 325 1008 καλ
339 940 516 1030 χρημάτων
528 937 613 1010 κατὰ
625 938 703 1020 τούς
717 939 857 1028 νόμους,
872 944 988 1031 μηκέτι

28 1040 84 1130 την
102 1045 263 1124 ἐξουσίαν
277 1039 362 1111 εἶναι
382 1048 430 1135 τῷ
443 1043 543 1130 πατρὶ
562 1051 690 1112 πωλεῖν
707 1041 769 1112 τόν
786 1042 878 1113 υίόν·
903 1042 988 1132 ὅπερ

30 1142 86 1213 οὐκ
106 1139 154 1213 άν
173 1152 320 1231 ἔγραψεν
341 1149 375 1213 εί
390 1143 436 1233 μὴ
456 1142 541 1214 κατά
563 1142 642 1224 τούς
660 1145 843 1233 προτέρους
863 1145 988 1234 νόμους
1063 1231 1065 1234 ¹

15 1262 18 1301 ⁸
30 1244 178 1327 ἅπαντας
191 1251 269 1336 ἐξῆν
277 1249 325 1337 τῷ
338 1249 439 1334 πατρί
449 1255 576 1316 πωλεῖν
587 1245 666 1326 τούς
678 1247 784 1328 υἱούς.
814 1244 888 1318 ἀλλ’
902 1245 988 1339 ὑπὲρ
1007 1260 1039 1312 10

30 1350 85 1437 μὲν
103 1347 239 1420 τούτων
257 1345 348 1435 ἅλις,
369 1349 533 1437 βούλομαι
547 1348 585 1418 δὲ
599 1351 656 1418 καὶ
671 1348 729 1420 τὸν
742 1347 846 1420 άλλον
859 1353 913 1422 έπλ
932 1379 988 1422 κε-

31 1461 183 1538 φαλαίων
193 1458 348 1522 διελθεῖν
359 1451 495 1542 κόσμον,
510 1441 629 1546 ᾇτούς
642 1457 711 1522 τῶν
725 1458 871 1523 ἰδιωτῶν
883 1451 988 1524 όῬω-

31 1555 126 1641 μύλος
140 1554 306 1643 ἐκόσμησε
319 1561 425 1642 βίους.

99 1645 257 1728 XXVIII.
274 1654 382 1746 Ὁρῶν
400 1655 464 1745 γάρ
477 1652 528 1724 ότι
544 1653 582 1725 τὸ
600 1655 786 1746 σωφρόνως
805 1661 864 1748 ξῆν
882 1653 988 1726 άπαν-

31 1789 82 1841 τας
94 1765 153 1831 καὶ
169 1760 209 1830 τά
225 1766 337 1830 δίκαια
351 1758 416 1847 πρὸ
428 1765 498 1828 τῶν
513 1761 707 1848 κερδαλέων
722 1763 987 1850 αλρεῖσθαικαρ-
1008 1777 1039 1830 15

30 1871 139 1951 ιερίαν
164 1891 202 1935 τε
225 1861 287 1955 τὴν
305 1861 389 1954 πρὸς
407 1861 486 1942 τούς
508 1860 633 1944 πόνους
657 1859 775 1935 άσκεῖν
802 1866 859 1935 καί
883 1863 990 1952 μηδὲν

31 1964 282 2057 ὑπολαμβάνειν
306 1972 414 2056 χρῆμα
438 1965 636 2054 τιμιώτερον
664 1964 784 2056 άρετῆς
809 1964 851 2038 ού
880 1966 991 2055 λόγιον

33 2076 148 2160 διδαχῇ
171 2076 418 2157 παραγίνεσθαι
436 2082 506 2148 τοῖς
523 2078 705 2151 πολιτικοῖς
719 2068 865 2159 πλήθεσι
879 2071 989 2157 πέφυ-

32 2201 99 2258 κεν,
122 2177 163 2243 έν
185 2168 236 2252 οἷς
257 2171 295 2242 τό
314 2172 433 2242 πλεῖόν
452 2174 522 2240 ἐστι
545 2171 761 2259 δυσάγωγον,
788 2168 864 2241 ἄλλ’
880 2176 991 2259 ἔργων

32 2279 182 2364 ἐθισμοῖς
208 2279 277 2344 τάν
302 2274 384 2363 πρὸς
410 2273 555 2361 ἑκάστην
580 2270 703 2362 άρετην
733 2270 901 2360 άγόντων,
930 2268 988 2342 ὑπ’
1009 2280 1042 2333 ²⁰

31 2376 178 2466 άνάγκης
185 2406 222 2446 τε
234 2373 391 2466 μάλλονῆ
404 2375 488 2448 κατά
500 2374 640 2464 γνιόμην
654 2374 709 2445 ἐπ’
720 2373 805 2445 αύτά
818 2374 895 2455 τούς
909 2384 990 2445 πολ·

33 2480 104 2561 λούς
129 2483 437 2569 παραγινομένους,
466 2486 498 2549 εί
517 2479 556 2549 δὲ
572 2478 679 2566 μηδὲν
707 2488 759 2567 είη
780 2477 817 2548 τὸ
837 2483 992 2549 κωλῦσον

33 2584 131 2652 ἐπὶ
94 2612 162 2673 την
175 2582 282 2670 φύσιν
301 2581 558 2661 ὀλισθαίνοντας
572 2578 685 2665 είδιδς,
705 2584 917 2669 ἐπιδιφρίους
930 2581 993 2669 μὲν

34 2688 82 2757 καὶ
96 2686 292 2775 βαναύσους
310 2688 367 2755 καὶ
383 2682 621 2772 προσαγωγοὺς
635 2686 827 2772 έπιθυμιων
846 2712 867 2754 α
869 2688 993 2774 ίσχρων

34 2786 213 2878 τέχνας,
189 2816 234 2869 ως
246 2787 474 2913 άφανιζρύσας
493 2788 551 2856 καὶ
565 2775 864 2875 λυμαινομένας’
823 2816 864 2857 τα
878 2814 915 2856 τε
928 2788 992 2858 σω·
1011 2800 1044 2851 το

35 2922 116 2980 ματα
138 2896 196 2961 καλ
217 2890 276 2971 τάς
294 2890 404 2979 ψυχάς
423 2918 493 2960 των
506 2892 840 2978 μεταχειριζομένων,
862 2890 994 2969 δούλοις

35 2999 85 3064 καὶ
104 2998 213 3078 ξένοις
239 2993 394 3065 ἀπέδωκε
418 2991 639 3082 μεθοδεύειν·
666 2994 721 3061 καὶ
744 2994 911 3079 διέμεινεν
932 2986 994 3070 ἕως

36 3104 160 3168 πολλοῦ
171 3096 265 3168 πάνυ
284 3097 421 3222 χρόνρυ
432 3092 532 3165 δι’ί
495 3125 517 3164 α
518 3094 655 3217 ίσχύυης
674 3093 755 3164 όντα
770 3091 939 3181 Ῥωμαίοις
954 3092 994 3161 τά

36 3207 169 3271 τοιαῦτα
182 3208 267 3289 ἔργα
284 3195 380 3269 uaI‘
362 3224 411 3268 υπ
412 3196 579 3277 ὀύδευός
590 3202 659 3266 τῶν
672 3194 868 3283 αύθιγενων
881 3199 992 3283 έπιτη-

15 3318 23 3367 ι
37 3304 210 3391 δευόμενα.
237 3301 300 3373 δύο
316 3300 410 3372 δέ’
367 3329 453 3390 μονα
464 3315 535 3380 τοῖς
547 3303 738 3400 ἐλευθέροις
751 3296 995 3384 ἐπιτηδεύματα
1013 3316 1046 3369 30

36 3410 189 3476 κατέλιπε
212 3405 254 3475 τά
279 3432 315 3475 τε
341 3402 426 3474 κατά
452 3393 621 3494 γεωργίαν
640 3404 695 3471 καὶ
720 3398 761 3469 τά
786 3398 870 3469 κατά
897 3403 993 3469 πολέ-

37 3536 135 3597 μους,
161 3506 254 3598 ὅρων
274 3505 326 3577 ὅτι
349 3504 492 3596 γαστρός
514 3532 550 3574 τε
571 3502 749 3589 ἅνθρωποι
768 3510 919 3588 γίνονται
940 3500 995 3569 διά
1048 3568 1052 3581 ,
