2367 3850
541 167 773 228 ..Γ-

177 325 378 417 συγγενικὸν
390 317 503 410 αὐτοῖς
518 331 587 398 ἐστι
606 332 662 400 καὶ
675 327 953 420 πατρωνυμικὸν,
969 333 1141 420 ἐξομοιοῦ-
1175 330 1176 337 '

175 445 258 504 σθαι
271 433 327 501 ιιαλ
341 430 424 501 κατά
437 438 534 502 τούτο
554 429 667 512 αὐτοῖς
682 432 887 523 βουλόμενος
906 433 1061 503 Λεύκιον
1080 433 1140 521 μὲν

98 545 101 552 ’
175 533 251 606 ἀντὶ
257 535 459 625 Λοκόμωνος
473 537 580 629 ἑαυτῷ
592 544 724 608 τίθεται
737 536 774 604 τὸ
785 536 901 606 κοινὸν
913 534 1034 625 ὄνομα,
1055 544 1138 623 Ταρ-

175 637 295 709 κύνιον
318 637 355 708 66
374 634 411 706 τὸ
432 637 635 725 συγγενικὸν
648 641 704 709 ἐπὶ
724 645 783 728 τῆς
802 639 930 720 πόλεως
950 630 1027 730 ἕνῇ
1047 642 1137 727 γενέ-

141 765 157 813 5
175 741 258 822 σεσίς
271 742 373 810 τεκαὶ
385 746 510 830 τροφῆς
522 747 633 828 ἔτυχε·
646 745 809 829 βασιλέως
821 770 859 824 τε
872 749 970 828 φίλος
983 746 1022 812 ἐν
1037 738 1137 834 ὀλίγφ
1175 802 1176 805 ,

174 844 266 914 πάνυ
279 842 389 938 χρύνφ
404 852 532 931 γίνεται
549 850 641 933 δῶρα
651 843 788 930 Ιιλιιλούς,
811 837 860 914 ύυ
874 843 979 915 αύτὸν
992 847 1032 914 ἐν
1045 855 1137 935 χρείη

174 947 316 1036 μάλιστα
337 945 518 1034 γινόμενον
536 945 705 1038 ᾐσθάνετο
730 949 787 1016 καὶ
810 948 957 1038 χρήματα
983 951 1138 1034 παρέχων

175 1055 222 1131 είς
246 1049 305 1130 τάς
331 1048 512 1138 πολεμικὰς
536 1057 651 1139 χρείας
678 1047 768 1118 ὅσων
794 1053 918 1138 ἐδεῖτο,
945 1053 984 1120 ἐν
1005 1051 1047 1119 66
1068 1065 1137 1130 ταῖς
1175 1094 1176 1097 =

174 1159 360 1250 στρατείαις
387 1153 524 1252 πάντων
546 1154 706 1243 κράτιστα
733 1159 842 1237 πεζῶν
867 1181 904 1222 τε
924 1153 979 1222 καλ
1007 1154 1136 1222 ἱππίων

125 1281 157 1331 10
175 1253 415 1380 ἀγωνιζύμενος
441 1255 574 1345 γνώμης
593 1283 629 1326 τε
655 1254 743 1324 ὅπου
771 1255 922 1345 δεήσειεν
947 1253 1136 1345 ἀγαθῆςέυ

174 1375 243 1438 τοις
265 1359 356 1428 πάνυ
370 1368 545 1448 φρονίμοις
564 1365 633 1428 τῶν
653 1359 856 1447 συμβούλων
877 1357 1137 1448 ἀριθμούμενος
1147 1379 1177 1432 εί

170 1461 355 1586 γενόμενος
375 1461 413 1530 66
433 1461 568 1555 παρὰ
536 1490 583 1530 τω
568 1467 777 1550 βασιλεῖί
743 1490 760 1529 τ
775 1490 851 1550 μιος
862 1460 998 1531 0666
957 1489 1016 1550 της
1036 1459 1133 1549 ἀλλης

170 1561 348 1652 Ῥωμαίων
368 1562 500 1646 εύνοίας
522 1532 720 1653 666666666,
748 1562 833 1634 ἀλλά
854 1567 910 1634 καὶ
929 1591 998 1633 τωυ
1017 1589 1131 1652 πατρι-

175 1674 258 1736 κίων
279 1665 424 1747 πολλούς
438 1684 508 1748 ταῖς
527 1665 734 1755 εὐεργεσίαις
747 1662 939 1756 ὑπηγάγετο
952 1668 1010 1736 καλ
1025 1665 1063 1736 τὸ
1078 1673 1130 1754 66·
1175 1744 1176 1767 ρ

125 1786 155 1835 15
173 1768 310 1858 μοτικὸν
330 1767 458 1892 πλῆθος
484 1777 615 1850 οἰκείως
643 1776 731 1858 ἔχειν
753 1773 861 1864 ἑαυτῷ
885 1769 1131 1859 παρεσκεύασεν

109 1869 435 1961 -εύπροσηγύροις
456 1899 491 1943 τε
511 1870 696 1962 ἀσπασμοις
716 1874 790 1942 καὶ
786 1875 1043 1964 κεχαρισμέναις
1063 1868 1129 1961 ὁμι·

174 1981 261 2055 λίαις
281 1978 336 2043 καὶ
355 1976 533 2065 χρημάτων
547 1976 723 2065 μεταδόσει
738 1978 880 2058 καλιαῖς
900 1975 1019 2057 ἀλλαις
1036 1986 1128 2111 φιλο·
1172 1995 1176 2130 η

173 2077 366 2168 φροσύναις.

249 2180 479 2251 XXXXVHH.
509 2185 665 2261 Τοιουτος
690 2181 753 2270 μὲν
774 2177 818 2269 66
835 2176 923 2259 τιςὸ
949 2179 1129 2303 Ταρκύνιος
1173 2201 1175 2290 6

123 2300 155 2351 20
173 2275 215 2374 ἦν
228 2286 283 2354 καί
298 2282 353 2353 θιά
364 2283 485 2363 ταύτας
496 2282 552 2364 τάς
566 2290 672 2364 αἰτίας
689 2283 809 2367 ζῶντός
822 2309 858 2351 τε
871 2289 1036 2371 Μαρκίου
1049 2280 1128 2352 πύν-
1173 2305 1174 2322 ¹

172 2415 240 2456 των
260 2383 417 2475 ἐγένετο“
422 2393 585 2473 Ρωμαίων
611 2390 873 2473 ἐπιφανέστατος
895 2388 951 2455 καὶ
958 2384 1128 2570 ξτελευτή·
1172 2405 1174 2530 6

172 2510 291 2571 σαυτος
305 2494 491 2560 ἐκείνου
452 2517 508 2578 της
522 2495 655 2576 βασιλεί
654 2518 692 2570 ας
704 2485 772 2558 ὑπὸ
786 2487 924 2557 πάντων
934 2485 958 2557 6
958 2491 1026 2570 ξιος
1044 2493 1128 2576 ἐκρί-

103 2604 229 2691 θη.
278 2590 394 2681 ἐπειδὴ
421 2592 458 2661 δε
481 2594 650 2679 παρέλαβε
671 2591 733 2681 τὴν
759 2588 881 2680 ἀρχὴν,
909 2596 1046 2680 πρῶτον
1072 2590 1130 2711 μὲν
1168 2623 1173 2662 ι

173 2696 355 2783 ἐπολέμησε
376 2712 445 2775 τοῖς
477 2698 695 2821 καλουμένοις
721 2692 929 2772 Ἀπιολανοις
956 2694 1054 2763 πόλει
1075 2697 1130 2762 τοῦ
1171 2667 1173 2740 λ

122 2818 154 2868 25
172 2803 329 2866 Λατίνων
352 2805 474 2877 ἔθνους
496 2794 558 2866 ούκ
573 2795 706 2885 ἀφανεῖ.
740 2802 774 2865 ολ
780 2796 850 2921 γὰρ
869 2795 1061 2867 Ἀπιολανοὶ
1078 2793 1171 2864 καλ
1169 2817 1172 2940 6

173 2906 205 2971 ολ
225 2898 320 2971 ἀλλοι
342 2898 532 2986 σύμπαντες
553 2906 691 2969 Λατῖνοι
710 2898 804 2987 μετὰ
812 2898 872 2967 τὸν
881 2898 1010 3070 ’Ἁιγκου
1033 2908 1126 2987 Μαρ-

171 3011 248 3073 κίου
274 3001 426 3073 θάνατον
445 3002 610 3072 λελύσθαι
631 3001 689 3082 τάς
704 3004 833 3091 περλ”
794 3028 852 3090 της
866 3007 897 3070 εί
897 3001 1001 3091 ρήνης
1014 2998 1126 3091 ὁμολο·

171 3114 245 3194 γίας
264 3106 411 3195 οίύμενοι
432 3112 599 3196 λῃστείαις
621 3132 657 3173 τε
678 3106 735 3173 καὶ
755 3121 939 3193 προνομαῖς
963 3102 1028 3193 τὴν
1046 3100 1126 3172 Ρ-οι

124 3216 279 3296 μαίων
298 3214 361 3313 γῆν
370 3207 568 3335 ἐπύρθουν·
598 3205 681 3277 ἀνθ’
705 3199 753 3277 ὧν
774 3206 1030 3295 τιμωρήσασθαι
1052 3215 1126 3294 βου·
1168 3217 1170 3368 6

122 3329 155 3381 30
173 3307 310 3396 λύμενος
336 3308 458 3394 αύτούς
493 3308 510 3381 6
549 3306 734 3437 Ταρκύνιος
765 3308 1000 3400 ἐξεστράτευσε
1026 3313 1168 3400 πολλῇ

174 3410 318 3498 θυνάμει
344 3414 454 3483 καλ
414 3444 471 3505 της
490 3418 550 3535 γῆς
570 3410 684 3482 αὐτων
697 3412 760 3503 τὴν
773 3420 954 3504 κρατίστην
966 3412 1168 3505 ἐδῄωσεν

173 3509 375 3601 ἀφικομένης
389 3514 423 3585 δ’
438 3520 475 3587 ἐκ
489 3522 557 3586 τῶν
570 3516 810 3608 πλησιοχώρων
823 3524 982 3588 Λατίνων
994 3520 1123 3588 ίπικου·
1136 3441 1169 3810 6
