2367 3850
157 104 219 168 168
517 96 752 167 -B-

156 264 242 356 ”0⁴3⁶
259 262 299 336 τὸ
317 260 504 336 &mcum
526 269 582 337 ἐπὶ
600 273 785 354 θεραπείας
804 261 1014 356 τραπόμενον
1035 261 1126 337 ῖεεε
1161 300 1168 305 *v

157 368 314 458 δεούσας.
516 426 525 440 ·

139 529 143 546 .
236 470 409 544 XXXXV.
430 469 484 542 Ἐν
504 463 533 564 ηδ
553 471 591 542 δὲ
611 467 794 560 ἀμφότεροι
813 475 919 542 ταῦτα
940 470 1127 560 διαλογιζό-

158 599 256 664 μενοι
279 577 336 645 καί
362 572 441 644 οὔτε
467 574 573 664 μάχης
592 571 708 664 ἄρχειν
733 581 919 664 τολμῶντες
947 570 1026 644 ούτε
1045 575 1126 664 περί

125 695 143 750 θ
162 686 277 767 φιλίας
297 677 529 766 διαλεγόμενοι
550 687 734 764 παρεῖλκον
753 675 813 748 τδυ
833 676 973 767 χρόνον,
993 683 1032 747 αί
1044 674 1122 746 Ῥω·

158 788 269 871 μαίων
291 797 451 875 γυναῖκεςΙ
468 779 545 850 ὅσαι
566 785 628 850 τοῦ
641 785 804 870 Σαβίνων
820 779 1005 869 ἐτύγχανον
1025 772 1125 850 οὖσαι

157 886 295 973 γένους,
319 881 365 952 δι’
381 880 421 964 άς
441 880 620 973 ὁῖπόλεμος
639 875 867 973 συνειστήκει,
891 889 1123 954 συνελθοῦσαι

159 992 238 1076 δίχα
255 992 325 1058 τάν
343 983 480 1076 άνδράν
505 994 553 1068 είς
577 992 616 1056 δυ
636 993 761 1076 χωρίου
781 988 839 1058 καί
862 985 965 1074 λόγον
988 989 1125 1065 ἑαυταῖς

159 1095 278 1160 δοῦσαι
299 1088 437 1180 γνώμην
456 1089 655 1179 ἐποιήσαντο
668 1097 907 1180 συμβατηρίων
920 1087 1018 1179 άρξαι
1041 1087 1126 1178 πρὸς

108 1212 142 1264 10
157 1190 487 1282 άμφοτέρουςαύταί
506 1193 626 1282 λόγων.
660 1189 680 1280 ἡ
701 1194 739 1263 δὲ
759 1199 857 1267 τοῦτο
882 1189 1124 1282 είςηγησαμένη

156 1294 194 1366 τὸ
207 1295 380 1385 βούλευμα
391 1310 465 1376 ταῖς
477 1298 633 1384 γυναιξὶν
642 1291 788 1383 Ἑρσιλία
801 1295 864 1385 μὲν
878 1299 1045 1381 ἐκαλεῖτο,
1069 1297 1122 1382 γέ·
1170 1357 1171 1398 ρ

157 1396 294 1479 νουςδ’
308 1394 371 1468 οὐκ
392 1395 546 1487 άφανους
564 1390 608 1488 ἦν
628 1402 667 1470 ἐν
685 1405 859 1487 Σαβίνοις.
892 1396 1076 1486 ταύτηυδ’
1093 1398 1124 1465 οί
1170 1401 1171 1494 3

157 1502 221 1593 μέν
229 1523 314 1590 φασι
324 1503 562 1590 γεγαμημένην
570 1499 636 1591 ηδη
649 1498 715 1572 σύν
727 1517 800 1582 ταῖς
813 1498 929 1582 άλλαις
942 1496 1171 1624 άρπασθη

157 1633 216 1676 ναι
228 1603 345 1694 κόραις
364 1633 409 1684 ως
420 1608 613 1692 παρθένον,
634 1610 669 1674 οί
687 1603 779 1675 δέ
740 1631 782 1674 τα
802 1603 1024 1674 πιθανώτατα
1039 1603 1120 1693 γρά-
1170 1563 1171 1696 3

109 1728 141 1782 15
158 1735 279 1832 γεντες
302 1710 448 1778 ἑκοῦσαν
464 1705 646 1796 ὑπομεῖναι
664 1695 836 1796 λέγουσι
831 1705 912 1776 αετά
933 1699 1171 1796 θυγατρός

157 1806 376 1899 ἁρπασθῆναι
401 1809 467 1898 γάρ
494 1808 537 1900 δη
562 1807 720 1898 κάκείνης
745 1813 917 1898 θυγατέρα
943 1812 1160 1898 μουογενη.3ε

158 1909 203 1993 ὦς
226 1912 265 1985 δέ
283 1912 410 2002 ταύτην
429 1921 528 2001 ἔσχον
548 1911 611 2003 τίχυ
635 1914 774 2003 γυάμηυ
793 1917 832 1984 αί
852 1928 1013 2039 γυναῖκες
1038 1940 1122 2001 ηκου
1170 1899 1171 1987 3

157 2014 267 2087 ἐπὶ
233 2043 271 2086 το
289 2018 471 2105 συνέδρων
489 2020 546 2087 καί
563 2022 724 2105 τυχοῦσαι
739 2016 842 2105 λόγου
855 2014 984 2105 μακράς
997 2018 1119 2098 ἐξέτει-
1170 2006 1171 2055 3

157 2147 223 2191 ναν
236 2119 380 2208 δεήσεις,
392 2118 575 2209 ἐπιτροπην
587 2117 740 2203 άξιοῦσαι
750 2124 917 2208 λαβεῖν
877 2146 935 2207 της
947 2117 1030 2207 πρὸς
1043 2115 1171 2198 τούςί

108 2241 143 2293 ευ
157 2238 336 2310 συγγενεῖς
350 2220 486 2307 ἐξόδου,
504 2221 630 2303 πολλάς
649 2224 704 2293 καί
724 2219 855 2309 άγαθάς
874 2225 951 2291 ἐλπί
937 2226 1012 2302 ίδας
1032 2229 1122 2311 ἐχειν

121 2397 125 2406 ,
157 2327 315 2413 λέγουσαι
335 2329 492 2416 περὶτοῦ
514 2327 671 2409 συνάξειν
693 2331 741 2406 είς
762 2323 854 2395 ἓντά
868 2332 953 2412 ἔθνη
973 2326 1031 2393 καί
1045 2349 1120 2393 ποι-

156 2427 253 2518 ήσειν
265 2435 393 2517 φιλίαν.
421 2424 467 2509 ὥς
482 2429 520 2499 δδ
537 2426 631 2499 ταῦτ’
647 2425 798 2517 ἥκουσαν
811 2432 847 2497 οί
857 2425 1121 2515 συνεδρεύοντες
1170 2420 1171 2505 3

156 2536 204 2624 τῷ
223 2540 358 2620 βασιλεῖ
373 2531 515 2621 σφόδρα
539 2559 576 2602 τε
597 2529 796 2653 ηγάσθησαυ
815 2532 872 2601 καί
890 2530 997 2620 πόρον
1018 2526 1064 2611 ὦς
1084 2532 1120 2600 ἐν
1170 2556 1171 2567 ’

108 2632 114 2641 ’
157 2631 339 2721 ἀμηχάνοις
360 2633 530 2724 πράγμασι
551 2640 678 2705 τοῦτον
698 2631 930 2722 ύπέλαβουί
897 2661 984 2703 εναι
1005 2632 1119 2722 μόνον.

106 2758 142 2809 σε
159 2742 288 2825 γίνεται
308 2734 351 2827 δη
371 2736 454 2825 μετά
472 2742 572 2807 τοῦτο
593 2736 701 2825 δόγμα
720 2735 852 2829 τοιόνδε
868 2741 1015 2865 βουλῆς
1044 2732 1119 2805 ὅσαι

157 2866 219 2909 του
205 2843 401 2925 Σαβίνων
418 2829 585 2927 γέυους
562 2860 650 2929 ησαυ
677 2846 812 2929 ἔχουσαι
838 2839 957 2925 τέκνα,
982 2838 1118 2921 ταύταις

157 2944 313 3025 ἐξουσίαν
328 2941 414 3014 είυαι
427 2942 687 3024 καταλιπούσαις
702 2971 742 3013 τα
730 2940 857 3013 τέπνα
872 2938 963 3031 παρὰ
976 2956 1045 3021 τοῖς
1059 2938 1117 3011 άν-

157 3044 257 3135 δράσι
269 3043 471 3135 πρεσβεύειν
485 3040 535 3126 ὥς
548 3073 626 3126 τους
643 3042 837 3135 ὁμοεθνεῖς,
857 3041 931 3115 ὅσαι
947 3044 984 3115 δέ
1005 3043 1117 3115 πλειό·
1170 3096 1171 3099 ,

156 3175 228 3219 νων
247 3154 380 3219 παίδων
398 3148 537 3236 μητέρες
555 3139 642 3236 ἦσαν
660 3149 847 3236 ἐπάγεσθαι
864 3162 985 3237 μοῖραν
1005 3150 1039 3230 ἐξ
1055 3144 1116 3217 αύ-

64 3317 67 3322 ,
106 3271 140 3324 σο
155 3255 226 3320 τάν
243 3246 446 3341 ὁσηνδήτινα
464 3252 521 3319 καί
540 3249 699 3338 πράττειν
718 3248 808 3331 ὅπως
829 3256 876 3330 είς
896 3256 1014 3340 φιλίαν
1032 3269 1115 3319 συν·
1170 3318 1171 3321 ,

156 3352 271 3431 άξουσι
283 3352 325 3423 τά
337 3362 433 3441 ἐθνη.
456 3351 539 3441 μετά
552 3359 650 3425 τοῦτο
663 3353 802 3443 ἐξῄεσαν
816 3356 960 3442 ἐσθῆτας
983 3356 1116 3439 ἔχουσαι
1170 3370 1171 3375 ’

156 3459 360 3545 πενθίμους,
380 3456 469 3536 τινες
488 3456 525 3527 δέ
551 3453 665 3527 αύτάν
685 3458 742 3529 καί
760 3456 862 3529 τέαυα
875 3455 979 3547 νήπια
997 3454 1115 3543 ἐπαγό-
