2367 3850
177 136 238 199 134
534 133 762 198 *Β*

177 297 251 377 ἑνός
262 323 299 366 τε
311 293 536 385 κελεύσματος
549 306 618 368 εἴτε
630 292 744 368 ἀπασα
758 293 786 387 ἡ
795 293 939 387 δύναμις
958 307 1027 367 είτε
1043 298 1145 386 μοῐρό

43 490 47 495 ἰ
176 427 228 480 τις
247 403 279 480 ἐξ
302 396 405 487 αὐτῆς
425 406 569 490 κληθείη
587 399 630 468 τά
649 396 735 472 ὅπλα
752 407 874 488 ἔχουσα
896 405 1009 490 παρῆν
1024 407 1075 482 είς
1088 400 1145 470 τόν

177 499 424 590 ἀποδειχθέντα
439 502 544 573 τόπον
556 500 729 593 εύτρεπης.
1175 535 1177 570 ι

254 604 331 676 XV.
349 608 562 696 Τεττγμέυην
572 606 636 694 μὲν
645 599 708 678 οῦν
720 607 777 675 καί
791 607 1049 694 κεκοσμημένην
1062 603 1145 693 πρὸς

13 762 14 765 ε
78 718 86 727 ’
143 723 160 776 σ
180 708 318 798 εἰρήνην
336 733 375 778 τε
392 706 618 796 ἀποχρώντως
637 712 692 780 καλ
714 707 798 798 πρὸς
818 707 859 779 τά
873 711 1013 796 πολέμια
1028 710 1143 796 ἐπιτη-

179 818 279 893 δείως
308 814 347 882 ἐκ
372 810 504 881 τούτων
529 817 600 883 τῦυ
628 810 880 901 πολιτευμάτων
906 809 970 901 τὴν
996 811 1104 882 πόλιν
1129 806 1146 880 ό

175 911 342 1002 Ῥωμύλος
359 911 600 1004 ἀπειργάσατο,
621 915 770 1004 μεγάλην
790 915 829 986 δὲ
843 916 899 986 καλ
913 912 1144 1004 πολυάνθρω-

180 1044 246 1087 πον
268 1020 306 1088 ἐκ
333 1023 458 1086 τῶνδε·
480 1018 698 1106 πρῶτονμὲν
719 1015 937 1107 είςάνάγκην
960 1018 1145 1106 κατέστησε

179 1118 257 1199 τοῦς
271 1119 446 1209 οἰκήτορας
466 1117 571 1210 αὐτῆς
585 1119 720 1190 ἅπασαν
738 1117 865 1211 ἀρρενα
885 1117 1010 1208 γενεάν
1030 1121 1144 1206 ἐκτρέ-

12 1280 13 1287 ,
129 1239 162 1292 ιο
179 1250 260 1309 φειν
272 1224 329 1292 καλ
342 1224 544 1313 θυγατέρων
555 1222 615 1304 τὰς
628 1223 878 1313 πρωτογόνους,
898 1221 1145 1294 ἀποκτιννύναι

180 1327 218 1396 δὲ
232 1327 338 1414 μηδὲν
356 1331 427 1395 τῦν
439 1330 666 1414 γεννωμένων
687 1326 854 1414 νεώτερον
868 1331 1036 1417 τριετοῦς,
1058 1323 1145 1414 πλὴν

180 1439 213 1498 ελ
227 1456 261 1498 τι
280 1430 411 1517 γένοιτο
435 1435 574 1500 παιδίον
592 1427 767 1519 ἀνάπηρον
786 1425 807 1518 ἢ
828 1431 926 1518 τέρας
947 1425 1057 1510 εὐθὺς
1082 1426 1145 1499 ἀπό

178 1537 291 1620 γονῆς.
317 1536 424 1602 ταῦτα
440 1530 472 1602 δ’
488 1529 552 1603 οῦκ
566 1532 737 1604 ἐπύλυσεν
750 1535 921 1604 ἐκτιθέναι
934 1529 1013 1612 τοῦς
1028 1557 1143 1621 γεινα-

178 1636 302 1723 μένους
327 1638 557 1718 ἐπιδείξαντας
585 1634 750 1725 πρότερον
777 1638 878 1706 πέντε
904 1633 1051 1726 ἀυδράσι
1078 1650 1145 1714 τοῖς
1176 1677 1177 1738 η

129 1755 162 1808 ισ
179 1745 314 1824 ἔγγιστα
334 1743 503 1826 οἰκοῦσιν,
530 1736 591 1809 έάν
610 1735 777 1826 κάκείνοις
797 1743 959 1828 συνδοκῇ.
998 1735 1089 1808 κατὰ
1111 1737 1177 1902 δέη

178 1845 248 1908 τεόν
264 1838 310 1928 μη
323 1844 538 1930 πειθομένων
549 1846 601 1937 τῷΥ
609 1841 702 1937 υόμμ
716 1848 832 1931 ζημίας
850 1837 974 1930 ῦρισευ
986 1838 1095 1921 ἀλλοις
1111 1867 1144 1910 τε

179 1944 310 2031 καὶτῆς
330 1940 446 2025 ούσίας
459 1941 573 2015 αύτῦν
589 1943 653 2035 τὴν
677 1942 835 2035 ἡμίσειαν
857 1944 946 2015 είυαι
967 1950 1143 2033 δημοσίαν.

180 2052 295 2115 ἔπειτα
315 2046 522 2136 καταμαθων
535 2047 660 2129 πολλὰς
672 2053 741 2118 τοῖν
753 2047 838 2119 κατὰ
850 2046 913 2137 τὴν
924 2044 1070 2117 Ἰταλίαν
1084 2045 1143 2118 πό·
1173 2042 1176 2117 λ

179 2158 268 2218 λεωυ
288 2155 443 2238 πονηρῦς
462 2152 766 2240 έπιτροπευομένας
785 2148 853 2221 ῦπδ
871 2156 1092 2240 τυραννίδων
1111 2176 1144 2218 τε
1175 2156 1176 2251 η

128 2271 162 2323 20
178 2253 235 2321 καλ
257 2247 475 2340 ὀλιγαρχιῶν,
501 2252 580 2335 ’τοῦς
607 2258 644 2325 έκ
669 2252 799 2325 τούτων
826 2257 1050 2333 έκπίπτοντας
1077 2257 1144 2323 των
1175 2256 1176 2280 ¹

179 2354 311 2425 πόλεων
323 2354 470 2445 συχνούς
481 2353 595 2443 ὄντας,
611 2362 643 2429 εί
656 2356 761 2445 μόνον
775 2357 845 2427 εἷεν
857 2355 1052 2446 ἐλεύθεροι,
1068 2363 1142 2425 δια·

178 2462 307 2543 κρίνων
332 2457 412 2530 οῦτε
438 2458 616 2549 συμφορὰς
643 2457 721 2531 οῦτε
749 2460 851 2549 τύχας
875 2457 990 2530 αύτοῦν
1013 2454 1141 2531 ύποδί·

178 2570 299 2646 χεσθαι
318 2563 374 2631 καλ
400 2562 557 2651 μετάγειν
583 2559 640 2651 ὡς,
658 2560 779 2635 ἑαυτὸν
802 2567 983 2651 ἐπεχείρει,
1015 2560 1081 2650 τήν
1107 2586 1141 2630 τε

174 2658 344 2748 Ῥωμαίων
371 2661 518 2754 δύναμιν
541 2662 683 2756 αύξῆσαι
708 2668 891 2755 βουληθεὶς
916 2663 1053 2744 καὶτὰς
1074 2668 1141 2733 τοῖν

94 2794 98 2802 ’
128 2786 162 2837 τε
179 2771 362 2851 περιοίκων
387 2772 587 2839 ἐλαττῶσαι·
628 2773 732 2839 ἐποίει
768 2770 807 2839 δὲ
836 2774 940 2839 ταῦτα
967 2766 1140 2856 πρόφασιν

178 2865 325 2953 ἐξευρών
343 2865 493 2957 εὐπρεπῆ
506 2873 562 2939 καλ
582 2878 632 2953 είς
651 2876 737 2941 θεοῦ
751 2868 853 2960 τιμὴν
873 2869 910 2941 τό
932 2877 1034 2961 ἔργον
1056 2867 1138 2939 ἀνα-

178 2974 302 3058 φέρων.
330 2967 444 3060 τὸγὰρ
456 2970 580 3059 μεταξύ
593 2981 716 3064 χωρίον
727 2979 788 3043 τοῦ
800 3000 837 3043 τε
850 2979 1072 3045 Καπιτωλίου
1083 2972 1139 3040 καλ

176 3078 235 3161 της
253 3069 376 3160 ἄκρας,
398 3069 585 3145 ῦκαλεῑται
604 3083 669 3147 νῦν
689 3075 774 3146 κατά
791 3075 854 3166 τὴν
868 3072 1039 3166 Ῥωμαίων
1064 3072 1137 3143 δτά-

177 3182 296 3247 λεκτον
328 3175 493 3265 μεθόριον
522 3183 621 3249 δυεῖν
649 3184 788 3270 δρυμῶν
819 3181 876 3251 καλ
903 3170 947 3269 ἦν
973 3177 1050 3249 τότε
1078 3180 1138 3247 τοῦ

125 3298 160 3352 30
177 3281 426 3368 συμβεβηκότος
439 3280 634 3371 έπτόνυμον,
648 3279 745 3364 ὕλαις
757 3280 966 3372 ἀμφιλαφέσι
983 3276 1058 3353 κατ’
1073 3277 1135 3367 ἀμ·

60 3390 64 3399 ’
176 3384 318 3468 φοτέρας
336 3382 395 3465 τάς
414 3384 651 3466 συναπτούσας
671 3402 740 3467 τοῖς
761 3386 882 3475 λόφοις
898 3383 1042 3473 λαγόνας
1063 3384 1133 3453 ίπί-

174 3499 271 3549 σκιον
278 3532 289 3568 ,
304 3484 397 3575 ίερόν
409 3484 503 3569 ἀνείς
515 3486 645 3559 ἄσυλον
658 3492 780 3572 ίπέταις
793 3491 850 3559 καί
863 3488 948 3561 ναόν
961 3489 1017 3561 ἐπὶ
1029 3485 1134 3578 τούτῳ

9 3732 128 3805 K
