2367 3850
397 169 441 185 -
496 139 624 201 P-
938 141 1002 206 289

13 303 86 386 τῆς
105 293 237 379 πόλεως
250 300 442 389 ἐπιμέλειαν
458 295 558 382 αύτός
579 327 617 372 τε
634 305 838 381 Κολλατῖνος
857 302 999 392 ἐπεκλή·

13 412 72 488 θη
97 403 159 470 καί
172 401 340 483 πάντεςοί
350 400 410 472 ἀπ’
422 405 553 474 ἐκείνου
566 403 749 493 γενόμενοι.
787 400 870 491 μεάά
884 404 922 474 δδ
935 403 999 493 τήν

17 510 223 583 Κολλατίας
244 507 433 594 παράδοσιν
452 507 506 576 ἐπὶ
526 499 587 576 τόν
602 505 811 593 καλούμενον
829 513 996 594 Κορνίκο·

18 614 91 673 λον
105 602 125 672 ό
140 606 299 692 βασιλεύς
311 608 548 698 ἐστράτευσεν·
561 599 607 696 ήν
621 607 660 678 δέ
670 605 809 695 αάκείνη
822 613 883 676 τοῦ
891 617 995 678 Λατί·

22 735 107 776 νων
137 715 264 790 ἔθνους
295 705 318 798 ή
351 711 457 790 πόλις.
501 710 705 799 λεηλατήσας
731 709 769 780 δέ
796 709 859 798 τήν
883 711 1030 800 χάρανό

20 807 149 878 αὐτων
178 810 261 880 κατά
291 811 419 901 πολλήν
445 810 565 882 άδειαν
595 810 735 893 ούδενὸς
774 810 860 902 άπερ
892 812 996 903 αύτής

22 909 251 1001 ἀμυνομένου
285 913 367 1004 πρὸς
408 911 516 1004 αύτήν
551 913 766 1004 στρατεύεται
799 913 862 1003 τήν
897 917 1008 998 πόλιν

23 1015 306 1104 προκαλούμενος
332 1015 410 1098 τούς
431 1015 558 1104 άνδρας
585 1026 633 1097 είς
655 1023 788 1104 φιλίαν·
810 1015 853 1085 ού
875 1027 995 1106 βουλο-

23 1119 147 1205 μένων
165 1119 202 1187 δὲ
218 1115 331 1188 αύτυὸν
345 1127 393 1199 είς
412 1116 594 1207 διαλλαγάς
613 1123 746 1206 ἐλθεῖν,
767 1115 851 1188 άλλά
865 1123 921 1190 καλ
935 1125 997 1190 τού

25 1225 165 1307 τείχους
178 1227 220 1308 τῇ
234 1218 408 1311 ὀχυρότητι
421 1221 636 1292 πεποιθότων
649 1223 706 1291 καὶ
715 1229 903 1310 συμμαχίας
914 1232 994 1292 πολ·
1014 1232 1047 1284 10

27 1322 181 1408 λαχόθεν
201 1319 294 1410 ήξειν
315 1325 496 1412 οἰομένων,
513 1327 590 1412 περὶ
604 1324 713 1394 πάντα
725 1323 785 1393 τὸν
798 1324 924 1396 κύκλον
937 1330 997 1412 τής

27 1423 162 1504 πόλεως
182 1424 244 1512 τήν
267 1426 414 1514 δύναμιν
434 1427 635 1517 περιστήσας
655 1425 868 1516 ἐτειχομάχει.
902 1432 938 1496 οί
958 1427 996 1497 δὲ

28 1529 278 1614 Κορνικολανοὶ
292 1527 400 1598 πολύν
415 1530 478 1618 μὲν
496 1529 620 1619 χρόνον
640 1520 818 1616 [ἀντεῖχον]
833 1526 997 1618 άνδρείως

29 1628 282 1718 άπομαχόμινολ
303 1633 382 1714 [καὶ]
397 1631 521 1712 πολλάς
533 1647 603 1712 τοῖς
618 1636 846 1721 προσβαλοῦσι
866 1628 996 1720 πληγάς

30 1738 174 1818 ἔδοσαν,
206 1731 389 1820 κάμνοντες
410 1733 447 1802 δέ
468 1739 508 1822 τῇ
531 1741 688 1825 συνεχείᾳ
712 1739 781 1803 τάν
803 1731 919 1804 πόνων
939 1735 995 1804 καλ
1012 1745 1045 1798 15

31 1832 115 1904 οὐδὲ
143 1832 204 1921 τήν
225 1833 331 1922 αύτήν
358 1843 406 1904 ἐτι
432 1836 570 1926 γνώμην
596 1834 742 1917 ἅπαντες
771 1835 996 1925 φυλάττοντες

34 1941 120 2020 (τοῖς
140 1937 201 2024 μὲν
214 1936 277 2026 γάρ
297 1939 406 2009 ἐδόκει
426 1938 650 2028 παραδιδόναι
664 1938 727 2029 τήν
740 1940 854 2028 πόλιν,
873 1955 943 2020 τοῖς
958 1940 996 2011 δὲ

33 2042 130 2129 μέχρι
142 2038 265 2121 παντὸς
273 2037 440 2129 ἀντέχειν)
457 2039 502 2111 δι’
515 2039 598 2113 αύτδ
612 2040 649 2112 τό
655 2042 845 2125 στασιάζειν
853 2043 996 2131 μάλιστα

32 2142 321 2231 καταπονούμενοι
342 2142 425 2215 κατά
453 2142 572 2234 κράτος
599 2144 759 2215 ἑάλωσαν.
796 2142 834 2212 τὸ
852 2144 915 2233 μέν
933 2135 997 2211 οὖν

34 2244 214 2332 κράτιστον
233 2242 348 2331 αὐτῶν
361 2248 459 2337 μέρος
480 2250 518 2316 ἐν
537 2252 578 2337 τῇ
593 2246 777 2335 καταλήψει
795 2250 854 2333 τῆς
868 2243 997 2326 πόλεως
1013 2258 1048 2313 κο

33 2347 223 2436 μαχόμενον
247 2348 435 2437 διεφθάρη,
459 2345 496 2417 τό
518 2348 557 2419 δέ
578 2347 717 2437 άχεννές
736 2350 793 2417 καὶ
813 2346 871 2416 διά
896 2352 996 2417 τοῦτο

34 2451 147 2520 σωθὲν
167 2452 205 2519 ἐν
225 2448 451 2540 άνδραπόδων
471 2450 605 2539 ἐπράθη
624 2452 713 2546 λόγῳ
727 2450 892 2538 ’γυναιξὶν
912 2446 997 2537 ὁμοῦ

34 2554 89 2622 καὶ
102 2553 247 2639 τέκνοις,
264 2549 285 2643 ή
299 2553 337 2623 δὲ
351 2546 446 2634 πόλις
459 2552 574 2624 αύτάν
589 2560 836 2641 διαρπασθεῖσα
847 2548 915 2622 ύπό
927 2556 997 2621 ταῖν

4 2654 291 2743 θκειιρατηκότων
313 2656 515 2747 ἐνεπρήσθη.
544 2654 601 2744 ἐφ’
618 2653 668 2736 οἷς
690 2660 724 2725 οί
738 2662 877 2725 Λατῖνοι
899 2663 996 2742 χαλε-

39 2763 108 2838 πάς
128 2759 286 2845 φέροντες
305 2760 513 2847 ἐύηφίσαντο
537 2759 636 2847 κοινή
654 2755 814 2846 στρατιάν
834 2760 889 2828 ἐπὶ
912 2755 996 2827 Ῥω·
1015 2774 1048 2825 25

40 2868 155 2949 μαίους
172 2864 348 2947 ἐξαχαχελν
367 2864 424 2931 ’καὶ
439 2860 774 2951 παρασκευασάμενοι
793 2858 920 2948 πολλήν
934 2859 995 2932 δύ-

41 2988 139 3051 ναμιν
160 2970 208 3042 είς
225 2961 289 3051 τήν
307 2972 487 3052 κρατίστην
508 2963 622 3051 χάραν
634 2960 747 3033 αύτῶν
766 2965 943 3049 ἐνέβαλον,
963 2964 997 3042 ἐξ

41 3056 78 3155 ής
91 3064 316 3153 αίχμαλεότονς
337 3093 373 3165 τε
389 3065 533 3147 πολλοὺς
548 3064 724 3153 άπήχαγον
742 3062 798 3134 καί
816 3072 907 3143 λείας
924 3064 996 3150 ἐχέ-
1046 3050 1052 3073 ’

43 3194 138 3238 νοντο
151 3168 295 3255 μεγάλης
308 3168 430 3253 κύριοι.
454 3166 612 3255 βασιλεύς
627 3168 663 3237 δὲ
679 3165 864 3253 Ταρκύνιος
878 3168 999 3253 ἐξήλθε

4 3326 5 3329 ε
44 3272 102 3361 μὲν
120 3267 174 3339 ἐπ’
189 3268 312 3351 αύτούς
327 3269 390 3360 τὴν
411 3269 556 3356 εύζωνόν
571 3298 607 3340 τε
620 3272 677 3341 καὶ
697 3272 735 3338 ἐν
753 3270 873 3358 ἑτοίμῳ
894 3267 996 3337 δύνα-
1016 3286 1050 3339 30

45 3402 99 3464 μιν
114 3373 332 3461 ἐπαγόμενος,
356 3371 469 3443 ούιιέτι
490 3375 527 3443 δὲ
549 3379 753 3458 καταλαβεῖν
767 3366 891 3449 αύτούς
905 3369 998 3457 φθά·

46 3499 101 3558 σας
130 3483 176 3557 είς
202 3476 264 3567 τήν
284 3481 423 3547 ἐκείνων
449 3476 563 3567 χάραν
591 3476 730 3560 ἐνέβαλε
754 3473 810 3541 καὶ
835 3471 878 3541 τά
905 3470 1002 3561 ὅμοια

92 3606 166 3646 ωεστ.
185 3608 204 3644 1.
640 3606 643 3613 ·
807 3582 845 3644 19
