2367 3850
190 100 231 164 80
555 93 783 157 -A-

190 258 329 351 νεότητα
356 264 540 349 Τυρρηνόν
559 264 663 349 ἔχων,
679 250 719 349 ής
731 254 845 349 ήχεττο
857 265 1052 349 Μεσεντίον
1070 274 1144 342 ταῖς

190 370 322 445 Λαῦσος
348 360 470 451 ὄνομα,
505 360 647 445 οὐδενός
680 364 904 454 προιδομένου
934 362 998 453 τήν
1023 370 1143 451 ἔφοδον

191 473 345 557 αἱροῦσιν
369 463 516 547 εὐπετῶς
534 466 572 535 τό
591 463 761 555 όχόριομα.
805 468 843 535 ἐν
862 455 889 559 6
912 466 950 536 δέ
968 464 1007 536 τό
1024 474 1143 556 χωρίον

190 567 295 641 τούτο
312 566 483 667 ἡλίσκετμ,
506 575 578 658 φῶς
601 597 636 638 τε
655 566 797 658 ἄκαιρον
812 565 956 657 ὁρῶντες
970 573 1006 639 oc
1022 574 1062 639 ἐν
1080 587 1144 650 τοῖς

157 705 174 755 5
191 680 320 753 πεδιοις
340 672 677 761 ἐστρατοπεδευκότες
700 674 757 742 καλ
774 670 860 762 βοήν
872 677 942 743 τῶν
957 670 1144 762 ἀπολλυμέ-

190 806 261 850 νων
286 774 464 901 ἀκούοντες
482 783 629 897 ἔφευγον
647 774 844 862 ξέκλιπόυτες
868 773 947 857 τούς
969 775 1146 857 ταπεινούς

104 971 107 979 ι
190 878 313 961 τόπους
326 878 429 950 ἐπὶ
392 908 432 949 τα
445 875 518 969 όρη.
545 883 583 951 ἐν
600 879 637 950 δέ
650 879 757 973 τούτῳ
775 877 880 967 πολλή
895 881 1026 967 ἐγένετο
1047 907 1145 969 ταρα-

190 984 231 1111 χή
253 986 308 1054 καὶ
327 979 546 1074 θόρυβος,
510 1011 565 1053 οια
584 985 623 1054 ἐν
644 949 743 1054 νυκτί
763 986 962 1072 κινουμένης
982 988 1147 1072 στρατιᾶς,

192 1084 236 1169 ὡς
249 1083 370 1157 αὐτίκα
381 1086 471 1175 μάλα
486 1092 554 1156 τῶν
571 1094 741 1175 πολεμίων
760 1094 878 1171 σφίσιν
892 1088 1147 1174 ἐπιθησομένων
1167 1140 1168 1143 ,

142 1212 174 1264 10
190 1188 231 1262 ού
243 1187 308 1260 σύν
321 1187 474 1283 κόσμριού
489 1189 526 1260 δέ
541 1188 625 1259 κατὰ
633 1194 711 1278 τέλη
723 1189 897 1260 ἐλύσασιν·
910 1194 946 1259 ot
952 1189 991 1259 δὲ
998 1197 1147 1274 Λατῖνοι,

192 1291 308 1382 ἐπειδὴ
325 1293 362 1365 τό
382 1319 419 1363 τε
438 1293 604 1383 φρούριον
624 1297 657 1376 ἐξ
677 1292 804 1382 ἐφόδου
825 1292 1072 1383 κατειλήφεσαν
1097 1295 1148 1363 καὶ

191 1397 229 1480 τό
246 1394 327 1467 ἀλλο
353 1396 541 1487 στράτευμα
564 1402 696 1485 ἔμαθον
718 1399 977 1485 τεταραγμένον,
998 1398 1146 1467 ἐπέκειν-

191 1529 228 1572 το
242 1497 355 1582 αὐτοῖς
368 1506 554 1579 κτείνοντες
567 1502 624 1569 καί
638 1498 825 1579 διώκοντες.
852 1505 921 1568 τόν
935 1496 968 1569 δ’
983 1496 1045 1587 ούχ
1059 1497 1148 1579 ὅπως

190 1630 241 1685 τις
265 1602 347 1693 πρός
372 1601 479 1691 ἀλκήν
504 1605 692 1692 τραπέσθαι
711 1606 937 1692 ἐπεχείρησεν,
964 1600 1040 1675 ἀλλ’
1069 1600 1148 1673 ούδέ

142 1722 174 1771 15
190 1717 316 1798 μαθεῖν
333 1709 371 1777 ἐν
386 1711 468 1787 οἵοις
479 1698 564 1795 ἦσαν
584 1722 700 1787 κακοῖς
713 1704 874 1796 ήδύνατο·
902 1702 971 1775 ὑπὸ
988 1707 1025 1777 δὲ
1041 1708 1147 1793 θορύ-

191 1818 255 1899 βου
274 1810 330 1878 καλ
349 1805 532 1897 ἀμηχανίας
554 1814 589 1879 οί
606 1810 670 1898 μέν
687 1808 771 1879 κατὰ
789 1814 950 1899 κρημνῶν
968 1810 1149 1898 φερόμενοι

192 1919 445 2002 διεφθείροντο,
472 1918 507 1983 oc
530 1910 564 1984 δ’
579 1919 627 1994 είς
653 1912 828 2002 φάραγγας
852 1909 1031 1998 ἀνεξόδους
1052 1915 1148 2002 ἐμπί·

191 2042 329 2097 πτοντες
352 2013 526 2106 ἡλίσκοντο
552 2023 588 2086 οί
606 2018 644 2088 δέ
664 2027 814 2087 πλεῖστοι
838 2013 1061 2106 ἀγνοήσαντες
1090 2015 1148 2087 ἀλ-

191 2120 312 2210 λήλους
330 2116 395 2190 ἀνόι
411 2117 449 2189 τό
469 2119 585 2200 σκότος
604 2117 666 2190 ὅσα
688 2125 867 2208 πολεμίους
888 2123 1064 2206 διέθεσαν,
1094 2122 1149 2189 καὶ

140 2233 175 2290 20
191 2219 209 2294 6
223 2233 375 2305 πλεῖστος
387 2221 500 2292 αὐτόν
509 2221 640 2312 φθόρος
652 2221 893 2311 ἀλληλοκτόνος
905 2210 1062 2311 ἐνίνετο.’
1072 2232 1149 2321 Με-

190 2328 319 2407 σέντιος
334 2327 370 2398 δέ
381 2325 446 2396 σόν
459 2323 584 2414 ὀλίγοις
594 2324 702 2412 λόφον
714 2324 790 2396 τινά
803 2324 1011 2414 ταταλαβσδν,
1032 2327 1150 2415 ἐπειδὴ

189 2435 250 2500 τού
264 2429 382 2510 παιδός
396 2427 456 2500 τόν
468 2429 574 2518 μόρον
588 2428 735 2505 ἐπύθετο
747 2431 804 2498 καί
817 2425 894 2510 όσος
907 2428 997 2522 αὐτῷ
1011 2430 1151 2518 στρατός

191 2535 377 2620 διέφθαρτο
389 2537 427 2604 ἐν
440 2539 500 2626 οίςο
515 2560 552 2603 τε
567 2538 679 2658 χοιρία
689 2530 1082 2614 κατακεκλείκιόςὲαυτόν
1096 2526 1149 2623 ήν,
1172 2572 1173 2631 χ

190 2634 313 2716 παντὸς
329 2639 366 2706 ἐν
385 2603 508 2729 ἀπορία
526 2636 708 2726 χρήματος,
730 2644 856 2726 ἔπεμψε
868 2637 1017 2727 κήρυκας
1038 2643 1088 2716 είς
1115 2636 1173 2709 τό

140 2751 173 2804 25
190 2746 376 2810 Λαουίνιον
395 2742 472 2828 περὶ
492 2747 607 2828 φιλίας
626 2733 923 2867 διαλεξομελιυυς,’
919 2749 1096 2810 Ασκανίυυ
1114 2741 1173 2810 δέ

113 2914 115 2918 ,
189 2856 257 2922 τοίς
264 2849 424 2923 Λατίνοις
436 2839 655 2932 ταμιεύεσθαι
668 2843 730 2932 τήν
740 2842 845 2932 τύχην
857 2843 1173 2932 συμβουλεύοντος

188 2940 350 3015 ἀδειαν“
316 2945 494 3036 ευρόμενος
507 2943 660 3036 ἀπῆλθεν
673 2944 885 3075 ὑπόσπονδος
896 2945 976 3035 μεθ’
986 2943 1066 3036 ὅσης
1082 2947 1116 3016 εί
1114 2975 1150 3035 χε
1164 2958 1174 3047 6

143 3047 363 3136 δυνάμεως
382 3046 492 3118 καλ
459 3075 518 3120 τον
531 3047 598 3120 ἀπό
615 3055 715 3122 τούδε
735 3050 857 3141 χρόνον
876 3047 1008 3121 ἅπαντα
1028 3056 1173 3123 διαλυ-

186 3150 328 3240 σόμενος
348 3150 409 3241 τήν
424 3160 551 3244 ἔχθραν
568 3152 650 3242 πρὸς
662 3153 740 3236 τούς
758 3160 925 3236 Λατίνους
939 3155 1075 3244 βέβαιος
1091 3162 1173 3243 φί

136 3273 170 3326 30
187 3245 277 3336 λος
256 3283 307 3344 ην

258 3356 377 3428 LXVl.
403 3363 595 3453 Τριακοστρὸ
609 3355 687 3429 δέ“
663 3379 807 3450 υστερον
825 3368 892 3432 ἐτει
905 3358 989 3458 μετὰ
1000 3355 1063 3447 τήν
1077 3366 1148 3429 κτί-

42 3465 45 3474 ’
81 3458 83 3464 ’
183 3477 242 3530 σου
261 3487 322 3556 του
307 3465 525 3534 Λαουϊνίου
546 3460 646 3534 πόλιν
665 3464 782 3555 ἐτίραν
801 3470 916 3548 οίκιζει
933 3461 1017 3535 κατὰ
1035 3458 1074 3532 τό
1092 3486 1147 3550 χε-
