2367 3850
399 120 670 215 -ε-’
921 150 981 217 ιιι

26 316 59 385 έν
70 318 136 383 τῶν
149 308 341 403 ἀριστερῶν
355 314 408 385 έπί
421 311 463 385 τά
476 312 577 399 δεξιαί.
606 321 760 385 τίθενται
773 312 812 384 ί)
828 306 983 404 Ῥωμαίων

25 414 76 497 τάς
88 419 125 487 ἐκ
136 422 213 487 τῶν
228 414 416 508 ἀριστερῶν
430 420 485 490 έπί
500 416 540 487 τά
552 415 647 501 ῶεξιά
658 414 829 506 ἀστραπάς
840 422 983 506 αίσίους,

27 528 86 591 εἴτε
99 516 194 609 παρὰ
214 528 400 612 Τυρρηνῶν
414 523 641 609 διδαχθέντες,
653 530 720 591 είτε
733 523 888 607 πατέρων
897 530 983 591 καθ.-

25 626 249 713 ηγησαμένων
269 622 353 695 κατά
377 626 510 697 τοιόνδε
529 625 622 711 τινά,
649 619 696 705 ῶς
722 621 788 711 έγῶ
808 630 982 711 πείθομαι,

27 726 199 816 λογισμὸν,
229 726 281 799 ὅτι
306 732 459 819 καθέδρα
485 730 548 819 μέν
566 732 637 799 έστι
655 728 712 797 καί
732 727 846 807 στάσις
863 723 983 816 ἀρίστη
999 740 1017 793 ί

27 836 87 899 τῶν
100 836 242 913 οίωνοίς
259 834 517 922 μαντευομένων
537 826 558 921 ἡ
576 834 747 921 βλέπουσα
765 828 850 919 πρὸς
863 826 984 901 ἀνατο-
1070 856 1074 864 ’

27 930 89 1019 λάς,
98 930 188 1005 ὅθεν
197 930 298 1024 ἡλίου
310 960 346 1006 τε
360 933 527 1025 ἀναφοραὶ
539 940 691 1023 γίνονται
704 934 762 1003 καί
774 931 915 1022 σελήνης
927 934 984 1003 καί

27 1033 172 1125 ἀστέρων
185 1047 368 1131 πλανητῶν
380 1066 417 1109 τε
429 1041 486 1109 καί
498 1034 676 1124 ἀπλανῶν,
692 1033 763 1126 ἦτε
781 1040 843 1105 τοῶ
855 1034 985 1125 κόσμου

28 1138 212 1229 περιφορὰ,
239 1138 285 1211 δι’
297 1138 340 1231 ἣν
354 1142 432 1213 τοτὲ
451 1143 515 1231 μὲν
539 1136 627 1230 ὑπὲρ
649 1144 711 1229 γῆς
729 1135 861 1209 ἅπαντα
882 1138 924 1208 τά
945 1140 985 1209 έν

31 1239 113 1336 αὐτῷ
134 1251 287 1333 γίνεται,
317 1245 390 1316 τοτὲ
417 1244 455 1316 δὲ
469 1241 537 1315 ὑπὸ
556 1250 635 1333 γῆς,
662 1246 798 1313 ἐκεῖθεν
815 1238 984 1332 ἀρξαμένη
1001 1256 1036 1309 1⁰

30 1343 83 1433 τὴν
97 1346 279 1433 ἐγκύκλιον
291 1344 477 1419 ἀποδίδωσι
490 1356 635 1437 κίνησιν.
665 1363 736 1427 τοῖς
750 1346 788 1416 δέ
800 1342 884 1432 πρὸς
899 1341 984 1415 ἀνα·

32 1448 118 1529 τολάς
136 1454 325 1539 βλέπουσιν
344 1449 502 1542 ἀριστερὰ
524 1452 588 1541 μὲν
611 1457 742 1539 γίνεται
761 1446 803 1518 τά
820 1447 905 1535 πρὸς
922 1446 985 1538 τὴν

34 1548 146 1639 ἀρκτον
161 1555 406 1643 ἐπιστρέφοντα
420 1559 527 1645 μέρη,
544 1553 638 1639 δεξιοὶ
651 1553 689 1624 δὲ
707 1552 749 1623 τά
762 1549 846 1641 πρὸς
856 1572 984 1641 μεσημ·

34 1662 123 1742 βρίαν
143 1659 308 1746 φέροντα·
338 1658 517 1747 τιμιώτερα
543 1659 581 1729 δέ
607 1654 650 1727 τά
666 1656 811 1747 πρότερα
831 1658 986 1742 πέφυκεν

36 1756 111 1827 εἶναι
122 1768 196 1831 τῶν
202 1756 361 1849 ἀστέρων.
372 1768 605 1851 ’μετεωρίζεται
614 1758 680 1850 γάρ
689 1757 755 1831 ἀπὸ
764 1764 834 1829 τῶν
840 1764 985 1848 βορείων
1002 1774 1035 1828 ισ

35 1868 135 1951 μερῶν
159 1860 178 1934 ὁ
202 1869 263 1935 τοῶ
282 1862 398 1950 ἄξονος
417 1864 533 1953 πόλος,
559 1867 637 1951 περὶ
663 1862 704 1935 ὃν
730 1859 753 1954 ἡ
777 1867 839 1935 τοῦ
858 1865 985 1953 κόσμον

37 1965 151 2058 στροφὴ
165 1976 314 2057 γίνεται,
329 1971 468 2039 καὶτῶν
481 1972 580 2040 πέντε
594 1967 730 2039 κύκλων
746 1973 815 2037 τῶν
829 1965 984 2051 ῶιεζωκό·

36 2097 95 2139 των
105 2069 168 2162 τὴν
181 2089 332 2161 σφαῖραν
344 2067 363 2143 ὁ
375 2072 582 2162 καλούμενος
591 2070 746 2162 ἀρκτικὸς
759 2069 811 2141 ἀεί
823 2075 888 2160 τῇδ
890 2096 906 2139 ε
920 2098 984 2158 φα·

38 2174 137 2258 νερός·
161 2180 378 2246 ταπεινοῦται
398 2173 433 2248 δ’
447 2174 513 2247 ἀπὸ
531 2181 601 2247 τῶν
613 2181 736 2246 νοτίων
748 2170 767 2243 ὁ
780 2171 986 2261 καλούμενος

37 2272 241 2367 ἀνταρκτικὸς
267 2279 389 2359 κύκλος
413 2276 546 2369 ἀφανὴς
574 2277 659 2351 κατά
685 2282 785 2348 τοῦτο
810 2275 849 2346 τό
875 2276 985 2364 μέρος.
1001 2293 1037 2347 νο

40 2379 116 2461 εἰκὸς
135 2381 179 2472 δὴ
194 2380 352 2472 κράτιστα
371 2387 439 2452 τῶν
460 2379 632 2471 οὐρανίων
649 2383 706 2450 καί
719 2387 906 2469 μεταρσίων
924 2399 985 2467 οη·

39 2491 131 2569 μείων
139 2483 314 2574 ὑπάρχειν,
323 2483 385 2557 ὅσα
398 2489 435 2556 έκ
448 2491 509 2556 τοῶ
521 2491 702 2573 κρατίστου
715 2487 844 2572 γίνεται
853 2481 986 2571 μέρους,

41 2587 143 2678 ἐπειδὴ
176 2589 214 2660 δὲ
240 2587 281 2657 τά
304 2589 367 2678 μέν
392 2592 602 2680 ἐστραμμένα
628 2584 713 2676 πρὸς
738 2583 799 2667 τάς
824 2580 988 2664 ἀνατολάς

40 2683 315 2781 ἡγεμονικωτέραν
335 2707 457 2782 μοίραν
470 2700 536 2782 ἔχει
551 2697 621 2762 τῶν
638 2695 910 2779 προσεσπερίων,
924 2684 984 2758 αά-

41 2798 97 2860 τῶν
110 2798 150 2868 δέ
159 2823 198 2885 γε
210 2800 279 2865 τῶν
292 2792 501 2866 ἀνατολικῶν
513 2792 703 2885 ὑψηλότερα
722 2790 763 2863 τά
780 2791 897 2883 βόρεια
916 2795 986 2861 τῶν
1003 2804 1037 2858 a

41 2905 165 2984 νοτίων,
180 2903 284 2968 ταῦτα
292 2893 341 2968 ἀν
355 2909 406 2988 είη
420 2898 589 2987 κράτιστα.
623 2893 668 2979 ῶς
681 2898 723 2968 δέ
732 2923 821 2978 τινες
834 2900 985 2983 ίστοροῶ·

42 3017 86 3068 σιν
98 3003 132 3072 έκ
146 3005 292 3072 παλαιοῦ
303 3027 341 3072 τε
356 3005 412 3072 καί
428 3003 509 3091 πρὶν
523 2998 545 3090 ἢ
559 2999 649 3090 παρά
664 3003 850 3090 Ῥυρρηνῶν
861 3008 988 3086 μαθείν

22 3115 97 3182 λτολς
112 3100 284 3194 Ῥωμαίων
302 3105 477 3195 προγόνοις
491 3114 593 3176 αίσιοι
608 3108 796 3194 ἐνομίζοντο
813 3105 852 3170 αί
869 3103 907 3170 έκ
920 3103 988 3168 τῶν

44 3199 211 3296 ἀριστερῶν
229 3205 408 3295 ἀστραπαί.
440 3207 604 3302 Ἀσκανίῳ
628 3206 692 3296 γάρ
719 3211 767 3299 τῷ
787 3207 821 3286 έξ
848 3207 990 3272 Αἰνείου
1052 3249 1054 3258 ·

43 3311 196 3398 γεγονότι,
218 3309 301 3382 καθ’
319 3308 360 3382 ὃν
377 3310 499 3401 χρόνον
522 3308 589 3381 ὑπὸ
615 3312 820 3398 Τυρρηνῶν,
846 3301 906 3386 οὓς
925 3295 988 3394 ἦγε
1004 3321 1039 3375 εο

45 3413 185 3494 βασιλεὺς
192 3415 389 3500 Μεσέντιος,
403 3418 595 3500 έπολεμείτο
608 3413 665 3481 καί
677 3409 829 3498 τειχήρης
843 3399 896 3498 ἦν,
910 3411 989 3496 περί

45 3511 93 3603 τὴν
106 3517 299 3589 τελευταίαν
312 3521 438 3604 έξοῶον,
451 3512 709 3608 ἣνάπεγνωτιῶς
721 3511 786 3603 ἤδη
795 3517 866 3582 τῶν
878 3539 987 3602 αραγ·
