2367 3850
177 135 239 198 184
538 131 769 194 -B-

176 299 372 385 Πομπιλίου
387 291 578 382 Πόμπωνος
590 291 715 382 ἀνδρὸς
735 295 924 382 ἐπιφανοῦς
944 289 1021 362 κατ’
1037 290 1138 382 ὄνομα

178 397 320 488 Νόμαν,
335 395 408 486 [χρὴ
423 397 462 466 δὲ
479 395 543 486 τὴν
562 399 727 486 δευτέραν
740 395 915 486 συλλαβὴν
935 398 1140 476 ἐκτείνοντας
1161 447 1162 456 .

162 573 165 576 ,
179 504 392 592 βαρυτονεῖν]
407 496 538 602 ἡλικίας
555 526 594 570 τε
607 505 665 589 τῆς
679 497 934 588 φρονιμωτάτης
953 496 1052 586 ὄντα,
1071 524 1138 567 τετ-

179 595 457 694 ταρακονταετίας
467 601 533 692 γάρ
546 601 588 672 οὐ
602 600 689 672 πολό
703 599 820 692 ἀπεῖχε
827 655 837 689 ,
849 604 908 671 καί
919 598 1051 684 ἀξιοόσει
1063 629 1140 689 μορ-

145 711 248 794 σφῆς
268 705 454 794 βασιλικόν.
494 697 539 794 ἦν
556 706 595 776 δὲ
615 703 722 775 αὐτοῦ
742 707 798 775 καὶ
812 706 907 785 κλέος
922 705 1086 794 ’μέγιστον
1104 701 1141 773 οὐ

181 806 272 896 παρὰ
283 814 448 898 Κυρίταις
461 807 584 898 μόνον,
599 805 682 878 ἀλλά
699 810 757 879 καὶ
776 807 866 896 παρά
880 823 948 888 τοϊς
963 813 1141 896 περιοίκοις
1154 825 1163 878 λ

182 913 240 980 ἐπὶ
257 915 371 1003 σοφίᾳ.
405 907 450 992 ὥς
464 911 502 980 δὲ
514 907 606 982 τοῦτ’
624 913 739 994 ἔδοξεν
759 907 873 990 αὐτοῖς
886 914 1096 997 συγκαλοῦσι
1109 909 1142 978 τὸ

181 1017 313 1101 πλῆθος
327 1019 375 1094 είς
388 1015 586 1102 ἐκκλησίαν,
600 1015 657 1083 καὶ
667 1010 850 1102 παρελθάν
862 1016 897 1096 ἐξ
910 1010 1025 1083 αὐτοῖν
1039 1009 1057 1082 ὁ
1073 1010 1142 1082 τότε
1163 1029 1164 1078 ι

181 1114 421 1206 μεσοβασιλεὺς
434 1115 547 1204 εἶπεν,
566 1113 617 1186 ότι
637 1121 734 1208 κοινῇ
748 1117 849 1200 δόξαν
862 1115 966 1185 ἅπασι
979 1131 1049 1196 τοῖς
1063 1123 1141 1204 βον-

105 1239 165 1320 »³⁰
182 1226 314 1300 λευταίς
330 1217 508 1309 βασιλικὴν
528 1219 800 1310 καταστήσασθαι
819 1225 1009 1303 πολιτείαν,
1031 1218 1142 1307 κύριος

98 1340 101 1347 ’
180 1319 1142 1412 γεγονάςαάτόςτηςδιαγνώσεωςτοῦπαραληψομίυουτὴν

181 1421 289 1514 ἀρχὴν
301 1427 439 1514 βασιλέα
451 1431 510 1515 τῆς
520 1424 649 1506 πόλεως
664 1431 805 1514 αἱρεῖται
814 1424 936 1512 Νόμαν
944 1431 1141 1513 Πομπίλιον.

181 1528 240 1596 καὶ
252 1525 334 1617 μετὰ
351 1532 449 1597 τοῦτο
464 1527 674 1617 πρεσβευτάς
693 1525 871 1616 ἀποδείξας
884 1530 922 1596 ἐκ
943 1532 1011 1596 τῶν
1026 1552 1139 1614 πατρι-

182 1634 269 1699 ιιίων
286 1627 461 1700 ἀπέστειλε
480 1629 558 1711 τούς
573 1632 876 1719 παραληψομένους
888 1627 949 1698 τόν
961 1626 1073 1720 ἀνδρα
1093 1632 1140 1698 ἐπὶ

132 1752 165 1804 ιο
182 1730 244 1821 τὴν
259 1730 366 1822 ἀρχὴν
384 1737 529 1828 ἐνιαυτῷ
547 1741 649 1828 τρίτφ
661 1739 719 1822 τῆς
733 1731 967 1820 ἑκκαιδεκάτης
981 1729 1140 1821 ὀλυμπιά-

183 1839 258 1922 δος,
272 1826 344 1924 ίυῇ
358 1838 454 1904 ἐνίκα
464 1838 602 1906 στάδιον
614 1834 822 1925 Πυθαγόρας
834 1835 968 1904 Λάκων.

260 1936 388 2006 LVssll.
416 1940 528 2026 Μίχρι
553 1939 616 2026 μὲν
636 1938 679 2027 δὴ
697 1938 828 2009 τούτων
853 1936 954 2009 οὐδὲν
974 1934 1140 2006 ἀντειπεῖν

184 2045 249 2127 ἔχω
269 2039 352 2130 πρός
369 2039 447 2120 τοὺς
459 2042 688 2122 ἐκδεδωκότας
701 2040 763 2130 τὴν
777 2042 854 2131 περὶ
872 2040 931 2111 τὸν
945 2037 1055 2129 ἀνδρα
1069 2045 1139 2109 τοῦ·

182 2168 243 2211 του
256 2148 423 2233 ἱστορίαν,
445 2147 483 2213 ἐν
502 2145 540 2214 δὲ
559 2159 629 2226 τοις
645 2145 716 2233 ἑξῆς
735 2142 862 2234 ἀπορῶΙ
872 2152 908 2214 τί
917 2170 998 2214 ποτε
1013 2140 1077 2231 χρὴ
1090 2144 1140 2212 λε’·

133 2253 168 2317 2'0
184 2272 269 2334 γειν.
299 2247 417 2315 πολλοὶ
436 2246 499 2334 μὲν
517 2244 583 2337 γάρ
603 2252 756 2337 ἔγραψαν
775 2244 826 2316 ὅτι
847 2246 1062 2335 Πυθαγόρου
1081 2274 1138 2335 μα·

182 2346 323 2436 θητὴςὸ
340 2347 459 2445 Νόμας
478 2353 610 2437 ἐγένετο
632 2352 689 2419 καὶ
708 2346 792 2419 καθ’
810 2346 852 2421 ὃν
866 2349 989 2439 χρόνον
1008 2345 1141 2436 ὑπὸτῆς

179 2446 357 2538 Ῥωμαίων
375 2449 504 2533 πόλεως
517 2450 704 2541 ἀπεδείχθη
717 2451 876 2541 βασιλεός
888 2457 1096 2541 ’φιλοσοφῶν
1109 2454 1141 2520 ἐν

172 2552 340 2643 ’Κρότωνι
355 2557 538 2645 διέτριβεν,
558 2552 577 2625 ό
593 2556 631 2627 δὲ
644 2555 763 2646 χρόνος
778 2560 837 2645 τῆς
849 2554 1060 2646 Πυθαγόρου
1073 2551 1140 2644 ἡλι-

184 2662 260 2735 πίας
273 2655 410 2745 μάχεται
424 2656 508 2749 πρός
521 2656 579 2735 τόν
592 2658 704 2748 λόγου.
739 2656 781 2727 οά
799 2657 864 2749 γάρ
883 2655 1010 2746 ὀλίγοις
1027 2664 1139 2742 ἔτεσιν,

51 2786 63 2802 ³
134 2780 168 2833 οε
185 2753 270 2826 ἀλλά
285 2760 341 2826 καί
354 2759 506 2848 τέτταρσι
518 2776 650 2849 γενεαῖς
665 2758 757 2843 ὅλαις
771 2758 909 2853 ὕστερος
924 2761 1058 2849 ἐγένετο
1071 2769 1138 2829 Πυ-

183 2857 335 2947 θαγόρας
358 2860 474 2949 Νόμα,
506 2858 551 2943 ἀς
576 2866 615 2933 ἐκ
640 2870 709 2934 τῶν
735 2868 861 2935 ποινάν
890 2862 1167 2952 παρειλήφαμενε

184 2966 351 3054 ἱστοριῶν.
378 2958 397 3030 ὁ
415 2964 478 3052 μὲν
494 2962 560 3052 γάρ
579 2968 635 3036 ίπὶ
653 2972 710 3056 τῆς
729 2966 966 3055 ἑκκαιδεκάτης
981 2963 1138 3054 ὀλυμπιά-

185 3069 241 3145 δος
251 3063 415 3153 μεσούσης
422 3064 484 3154 τὴν
494 3063 672 3155 Ῥωμαίων
685 3077 862 3158 βασιλείαν
875 3071 1056 3158 παρέλαβε,
1070 3078 1137 3137 Πυ-

182 3166 333 3254 θαγόρας
346 3167 384 3237 δὲ
399 3169 485 3257 μετὰ
495 3169 558 3259 τὴν
570 3171 800 3263 πεντηκοστὴν
814 3170 1007 3262 ὀλυμπιάδα
1022 3174 1137 3259 διέτρι-

132 3282 168 3335 οο
183 3281 249 3348 ρεν
268 3270 307 3338 ίν
320 3266 451 3364 Ἰταλίᾳ.
488 3272 610 3343 τούτου
629 3271 663 3343 δ’
681 3282 729 3345 ἔτι
749 3284 862 3365 μεῖζον
881 3280 945 3364 ἔχω
964 3274 1139 3364 τεκμήριον

119 3450 122 3455 .
183 3372 292 3438 είπελν
315 3366 402 3461 ὑπὲρ
424 3380 485 3443 τοῦ
512 3374 557 3465 μὴ
582 3392 783 3466 συμφωνεῖν
807 3376 885 3458 τοὺς
904 3376 1048 3466 χρόνους
1074 3390 1138 3455 τοῖς

185 3473 567 3568 παραδεδομίναιςόπδρ
579 3484 642 3549 τοῦ
656 3477 780 3571 ἀνδρὸς
796 3484 972 3573 ἱστορίαις,
991 3476 1043 3550 ότι
1059 3475 1137 3551 καθ’
