2367 3850
777 113 788 148 ί

531 157 846 219 ..Β-ι

191 319 309 411 τύχην,
329 317 373 410 ἣν
387 321 425 391 έν
441 323 489 416 τῷ
505 319 588 412 πρός
601 326 772 409 Σαβίνους
786 317 903 405 εύξατο
917 321 1060 410 πολέμῳ.
1086 310 1132 388 οὗ·

190 455 242 497 τοι
262 423 384 505 πάντες
402 426 436 494 οί
452 423 561 495 σάλιοι
575 431 734 514 χορευταί
744 427 831 505 τινές
846 430 910 494 είσι
924 424 981 494 καὶ
1000 419 1132 512 ὑμνηταὶ
1150 443 1156 472 ’ὲ

191 534 261 600 τῶν
285 527 439 599 ἐνόπλων
462 533 567 600 θεων.
602 527 698 618 ἑορτὴ
725 524 757 598 δ’
782 524 895 600 αὐτῶν
920 531 990 598 ἐστι
1009 524 1133 616 περὶτὰ
1160 601 1161 620 3

159 757 176 807 5
192 733 289 824 τελὴς
302 736 356 805 έπλ
369 733 494 817 πολλάς
509 731 635 825 ἡμέρας
647 732 811 826 άγομένη,
826 738 864 806 έν
876 730 930 815 αἷς
945 732 1001 804 διά
1015 739 1072 823 τῆς
1085 730 1134 801 πό

193 851 277 919 λεως
296 834 417 927 ἄγουσι
435 837 514 921 τούς
536 836 657 928 χορούς
670 835 727 919 ἐίς
747 866 784 908 τε
804 836 865 928 τὴν
888 834 1017 929 ίιγορδιν
1036 833 1133 906 καὶτὸ

192 942 408 1013 Καπιτώλιον
429 945 485 1013 καὶ
508 939 653 1024 πολλοὺς
673 937 795 1023 ἄλλους
821 948 928 1024 ἰδίους
947 968 983 1011 τε
1008 940 1066 1011 καὶ·
1086 945 1133 1026 δη-

192 1051 330 1136 μοσίους
363 1044 503 1132 τόπους,
542 1050 685 1135 χιτῶνας
719 1052 891 1126 ποικίλους
923 1054 1062 1134 χαλκαῖς
1092 1049 1133 1131 μί-

192 1169 286 1237 τραις
309 1150 549 1240 κατεζωσμένοι
581 1149 637 1218 καὶ
663 1148 827 1238 τηβέννας
857 1147 1134 1238 ἐμπεπορπημένοι

144 1277 177 1327 10
194 1253 469 1343 περιπορφύρους
486 1251 817 1342 φοινικοπαρύφους,
849 1248 888 1334 δὶς
908 1256 1049 1336 καλοῦσι
1067 1278 1133 1339 τρα-

195 1357 274 1446 βέας
300 1350 388 1453 (ἔστι
414 1351 450 1426 δ’
468 1354 652 1445 ’έπίχοάριος
679 1352 762 1444 αὕτη
784 1351 956 1446 Ῥωμαίοις
983 1353 1085 1444 ἐσθὴς
1106 1353 1134 1421 έν

194 1475 264 1540 τοῖς
284 1458 374 1530 πάνυ
394 1465 499 1549 τιμία)
532 1461 589 1529 καὶ
609 1456 668 1538 τάς
692 1459 900 1548 καλουμένας
925 1456 1048 1539 άπίκας
1072 1460 1132 1526 ε’πι·

195 1570 342 1652 κείμενοι
363 1578 434 1644 ταῖς
456 1571 619 1652 κεφαλαῖς
626 1617 636 1650 ,
659 1568 778 1642 πίλους
803 1557 954 1652 ὑψηλούς
975 1566 1023 1642 είς
1040 1565 1133 1649 σχῆμα

192 631 419 721 Παναθήναια
439 635 478 702 έν
497 638 544 726 τῷ
562 633 758 725 καλουμένῳ
773 636 919 724 Μαρτίῳ
940 630 1021 720 μηνὶ
1044 636 1133 719 δημο-

162 1723 164 1735 .
193 1669 445 1758 συναγομένους
470 1665 664 1752 κωνοειδές,
691 1661 730 1746 ι’ίς
746 1663 903 1754 Ἕλληνες
923 1661 1132 1754 προσαγορεύ·

146 1787 178 1837 15
196 1793 271 1840 ουσι
292 1777 484 1861 κυρβασίας.
524 1770 730 1858 παρέζωσται
752 1765 785 1838 δ’
808 1773 945 1849 ἕκαστος
967 1765 1078 1838 αὐτῶν
1095 1770 1131 1849 ξί·

189 1865 258 1961 ’φος
280 1874 337 1944 καὶ
364 1878 405 1965 τῇ
432 1873 495 1962 μέν
524 1877 617 1965 δεξιᾷ
638 1873 724 1963 χειρὶ
743 1869 866 1963 λόγχην
892 1867 1060 1963 ἢβάβδον
1076 1866 1166 2135 ἦτιη

194 1972 465 2097 τοιούθὲἕτερον
478 1992 609 2065 κρατεῖ,
633 1983 675 2067 τῇ
696 1974 729 2047 δ’
748 1972 911 2071 εὐωνύμῳ
926 1977 1054 2065 κατέχει
1066 1974 1130 2043 πέλ-

195 2106 258 2168 την
272 2085 440 2172 Θρηκίαν·
469 2076 491 2170 ἡ
507 2075 541 2149 δ’
562 2081 631 2150 ἐστὶ
649 2084 840 2170 ῥομβοειδεῖ
852 2084 970 2173 θυρεῷ
990 2078 1129 2150 στενωτέ-

195 2210 255 2272 ρας
275 2191 383 2271 ἒχοντι
401 2181 459 2263 τδις
478 2182 621 2271 λαγόνας
635 2181 799 2273 ἐμφερὴς,
826 2189 897 2265 οἵας
917 2186 1067 2271 λέγονται
1084 2180 1130 2268 φέ-

144 2304 179 2357 εο
196 2312 269 2376 ρειν
296 2291 331 2355 οί
354 2285 395 2357 τά
421 2286 607 2377 Κουρήτων
633 2284 714 2379 παρ’
734 2284 895 2376 Ἕλλησιν
920 2290 1132 2361 ἐπιτελοῦντες

197 2388 279 2477 ίερά.
314 2396 374 2460 καί
391 2396 477 2460 εἰσιν
497 2395 533 2460 οί
549 2390 658 2459 σάλιοι
680 2387 764 2459 κατά
778 2395 863 2478 γοῦν
882 2387 944 2480 την
964 2388 1047 2479 έμήν
1060 2389 1131 2477 γνιῐ·

195 2513 252 2563 σιν
264 2487 447 2585 Ἑλληνικῷ
465 2494 798 2583 μεθερμηνευθέντες
818 2490 954 2582 ὀνόματι
970 2492 1131 2579 Κούρητες,

196 2591 258 2682 ὑφ’
283 2592 377 2685 ἡμῶν
396 2599 460 2686 μέν
480 2598 535 2666 ἐπὶ
557 2600 615 2687 τῆς
635 2592 765 2685 ἡλικίας
789 2594 895 2676 οὕτως
921 2593 1132 2687 ὠνομασμένοι

197 2694 288 2783 παρὰ
307 2696 385 2778 τούς
405 2697 564 2787 κούρους,
590 2695 657 2769 ὑπὸ
679 2701 715 2770 δὲ
727 2696 897 2788 Ῥωμαίων
917 2700 971 2774 ἐπὶ
992 2702 1050 2789 τῆς
1068 2719 1131 2765 σνν-

145 2811 178 2863 25
196 2797 297 2870 τόνου
321 2799 491 2890 κινήσεως.
530 2801 567 2872 τδ
592 2800 657 2893 γάρ
684 2802 884 2887 ἐξάλλεσθαί
895 2830 930 2871 τε
958 2804 1015 2872 καὶ
1040 2802 1131 2890 πηδᾶν

196 2910 312 2991 σαλῖρε
335 2899 394 2972 ὑπ’
415 2901 528 2973 αύτοῐν
547 2906 686 2992 λέγεται.
719 2903 836 2975 άπδδέ
852 2909 910 2995 της
923 2903 1027 2997 αὐτῆς
1045 2910 1132 2980 αίτίας

195 3007 251 3078 καὶ
271 3003 349 3088 τούς
368 3004 494 3088 ἄλλους
515 3007 641 3087 πάντας
656 3005 832 3097 ὀρχηστάς,
853 3010 924 3080 ἐπεὶ
940 3006 1005 3081 κάν
1023 3007 1133 3083 τούτοις

196 3108 346 3181 πολύτὸ
372 3107 460 3201 ἅλμα
494 3112 551 3181 καὶ
585 3115 748 3202 σκίρτημα
782 3118 908 3200 ἔνεστι,
945 3111 1132 3201 παράγοντες

196 3209 263 3284 ιἰπδ
284 3220 353 3284 τῶν
371 3221 497 3286 σαλίων
515 3212 663 3301 τοῦνομα
686 3214 897 3306 σαλτάτωρας
916 3220 1082 3286 καλοῦσιν.
1112 3216 1134 3279 εί

145 3330 179 3381 30
197 3314 233 3383 δὲ
252 3311 365 3401 ὀρθῶς
378 3313 546 3408 ὑπείληφα
560 3318 687 3409 ταύτην
705 3315 820 3401 αύτοῑς
840 3316 902 3408 τὴν
919 3320 1166 3411 προσηγορίανὸδ

197 3412 380 3501 ἀποδιδούς
401 3423 439 3491 έν
459 3426 528 3492 τῶν
549 3425 759 3512 γιγνομένων
777 3410 839 3494 ὑπ’
854 3420 966 3492 αὐτῶν
988 3418 1005 3491 ὁ
1027 3416 1130 3510 βουλό-

200 3542 298 3600 μενος
310 3521 485 3612 συμβαλεῑζ
506 3530 679 3597 κινοῦνται
691 3522 757 3616 γάρ
766 3522 849 3617 πρὸς
862 3522 967 3596 αὐλὸν
980 3526 1017 3596 έν
1027 3523 1132 3615 ῥυθμῷ
