2367 3850
422 147 655 210 -.r-·
819 133 823 149 '
958 148 1022 214 εεε

47 308 216 400 πρότεροι
234 307 298 398 μὲν
311 306 507 398 ἐξήλθοάοί
524 315 671 398 Σαβῖνοι
692 312 880 400 Ίυρρηνῦν
891 315 1023 398 ίχονιες

19 429 30 486 ί
48 411 227 500 [δύναμιν]
247 409 367 500 ίκανήν
381 410 491 500 [πρδςῙ
508 418 702 502 συμμαχίαν
719 414 777 481 καί
795 433 1019 500 καταστρατο·

47 515 258 586 πεδεύονται
273 514 423 605 Φιδήνης
440 523 584 603 πλησίον
604 517 682 605 περὶ
695 511 754 596 τάς
768 514 940 603 συμβολάς
957 517 1019 583 τοῦ

46 644 91 687 τε
109 614 256 706 Ἀνίητος
274 619 404 690 καὶτοῦ
429 619 590 708 Τεβέριοςή
603 622 754 706 ποταμοῦ
774 613 905 698 διττούς
918 614 1019 707 βαλό-

48 747 154 808 μενοι
171 717 250 798 τοῦς
261 718 409 808 χάρακας
430 721 606 800 ἐναντίους
625 747 663 789 τε
678 722 736 790 καί
746 736 901 808 συνεχεῖς
915 718 1017 807 ἀλλή·
1034 734 1052 789 δ

49 829 144 908 λοις,
173 824 275 909 με’σου
300 827 431 908 ἔχοντες
458 819 497 890 τὸ
522 819 639 893 κοινόν
664 826 698 904 ἐξ
725 820 924 910 ἀμφοτέρων
948 827 1019 891 τόν

48 928 215 1012 ποταμῶν
234 927 391 1014 ῥείθρου,
412 921 467 1012 ἐφ’
483 915 526 992 οῦ
546 921 789 995 κατεσκεύαστο
810 925 943 1012 γέφυρα
960 926 1017 1008 ξυ-

49 1025 244 1115 λόφρακτος
253 1026 398 1114 σκάφαις
409 1023 592 1117 ἀνεχομένη
604 1029 661 1096 καὶ
674 1032 823 1115 σχεδίαις
838 1023 859 1114 ή
873 1029 1018 1096 ποιοῦσα

49 1136 187 1216 ταχείας
206 1127 265 1208 τάς
286 1126 369 1213 πρὸς
389 1127 551 1217 ἀλλήλους
577 1119 713 1217 ἀφίξεις
730 1130 786 1199 καί
803 1126 863 1198 τὸν
889 1127 1025 1217 χάρακα

50 1233 124 1300 ἕνα.
159 1230 351 1318 πειθόμενος
366 1231 403 1300 δὲ
417 1230 480 1320 τήν
493 1232 651 1322 εἰσβολήν
670 1226 813 1302 αύτῦνὸ
831 1231 1017 1319 Ταρκύνιος
1034 1249 1068 1302 10

50 1335 152 1421 ἐξῆγε
165 1332 222 1402 καὶ
234 1329 334 1413 αύτδς
349 1331 386 1401 τὸ
396 1329 576 1422 Ῥωμαίων
590 1333 780 1422 στράτευμα
794 1327 1019 1419 καθιδρύεταί

51 1461 89 1506 τε
102 1431 226 1523 μικρὸν
245 1431 404 1522 ἀνωτίριε
423 1438 482 1525 τής
495 1439 637 1508 ἐκείνων
653 1441 912 1526 στρατοπεδείας
926 1433 1017 1523 παρὰ

50 1535 114 1606 τὸν
143 1533 277 1624 Ἀνίητα
311 1535 462 1626 ποταμὸν
494 1541 549 1610 ἐπὶ
575 1540 687 1628 λόφου
720 1535 811 1619 τινός
842 1541 1015 1626 καρτεροῦ.

50 1637 167 1728 άπάση
194 1639 232 1711 δὲ
252 1646 428 1732 προθυμίᾳ
449 1639 532 1728 πρὸς
555 1640 615 1712 ’τὸν
636 1640 783 1730 πόλεμον
808 1633 1016 1728 ὁρμημένον

50 1739 254 1830 ἀμφοτέρων
272 1739 385 1823 οὐδεὶς
401 1740 496 1830 άγύν
511 1747 548 1812 ἐκ
568 1743 781 1831 παρατάξεως
801 1738 882 1812 οῦιε
894 1750 1015 1830 μείζων
1033 1753 1066 1806 15

50 1839 129 1914 οὔτ’
143 1843 295 1918 ἐλάσσων
314 1841 429 1926 αύτοίς
449 1849 603 1935 συνίστη.
642 1853 774 1935 ἔφθασε
797 1841 863 1933 γάρ
885 1839 903 1912 ό
928 1851 1015 1934 Ταρ·

51 1947 170 2025 κύτους
182 1944 335 2037 ἀγχινοίᾳ
354 1954 559 2037 στρατηγικῇ
571 1947 680 2019 πάντα
693 1956 878 2035 συντρίψας
892 1944 933 2017 τά
946 1952 1016 2017 νῦν
1058 1986 1066 2009 ι

50 2054 218 2136 Σαβίνων
237 2048 416 2139 πράγματα
436 2053 493 2121 καὶ
512 2050 571 2131 τάς
585 2048 799 2138 παρεμβολάς
814 2048 929 2119 αύτῦν
949 2046 1013 2138 άμ-

51 2150 198 2239 φοτέρας
217 2148 391 2241 ἀράμενος.
439 2150 477 2223 τὸ
502 2153 541 2223 δὲ
565 2152 781 2243 στρατήγημα
804 2156 866 2221 τοῦ
890 2148 1015 2241 ἀνδρὸς

50 2250 185 2327 τοιόνδε
198 2243 256 2341 ήν·
729 2315 733 2336 ,
1029 2266 1065 2319 κο

125 2354 212 2425 LVI.
246 2355 390 2443 Σκάφας
422 2351 635 2449 ποταμηγοὺς
661 2358 719 2425 καί
742 2360 877 2443 σχεδίας
904 2352 1015 2437 ξύλων

50 2454 149 2527 αῦων
168 2458 226 2527 καὶ
244 2456 431 2549 φρυγάνων
448 2456 615 2546 γεμούσας
636 2464 685 2528 ἐτι
706 2457 743 2528 δὲ
762 2464 882 2543 πίσσης
902 2458 1015 2526 τεκαὶ

6 2576 35 2629 59
50 2568 153 2631 θείου
175 2558 513 2647 παρασκευασάμενος
527 2561 582 2629 ἐπὶ
595 2562 743 2646 θατέρου
755 2563 826 2628 τῦν
842 2563 1014 2647 ποταμόν,

50 2660 133 2752 παρ’
144 2658 184 2731 δν
198 2659 299 2744 αύτὸς
311 2661 626 2750 ἐστρατοπεδεύκει,
641 2668 754 2731 ἔπειτα
772 2660 921 2750 φυλάξας
934 2658 1013 2731 ἀνε-

49 2792 117 2855 μον
138 2762 255 2853 ούριον
270 2767 353 2853 περὶ
370 2761 431 2853 τήν
449 2762 599 2854 ἑωθινήν
622 2761 780 2852 φυλακήν
798 2769 866 2852 πῦρ
887 2766 1015 2833 ἐνείναι
1031 2773 1065 2826 νο

50 2882 125 2947 ταῖς
143 2864 240 2947 ῦλαις
252 2871 406 2937 ἐκέλευσε
427 2870 482 2937 καὶ
495 2878 654 2955 μεθεῖναι
672 2864 730 2945 τάς
743 2868 875 2953 σκάφας
888 2868 945 2935 καὶ
957 2864 1016 2946 τάς

51 2972 188 3059 σχεδίας
208 2971 375 3059 φέρεσθαι
401 2968 484 3039 κατὰ
506 2972 600 3058 ῥοῦν.
639 2972 678 3036 αι’
695 2968 735 3037 δὲ
755 2972 794 3039 ἐν
806 2966 908 3058 ὀλίγῳ
923 2967 1015 3036 πάνυ

51 3070 165 3162 χρόνῳ
187 3075 386 3141 διελθοῦσαι
405 3069 462 3141 τὸν
482 3067 607 3160 μεταξύ
626 3069 732 3159 πόρον
753 3074 954 3159 ἐμπίπτουσι
973 3074 1014 3157 τή

51 3170 189 3264 γεφύρᾳ
209 3176 265 3243 καὶ
284 3172 492 3245 ἀνάπτουσιν
511 3170 618 3261 αὐτήν
631 3171 853 3261 πολλαχόθεν.
890 3174 959 3238 νῦν
977 3170 1014 3239 δδ

52 3283 218 3364 Σαβίνων
237 3272 281 3357 οῦς
308 3276 401 3346 είδον
422 3274 521 3365 ἄφνω
541 3273 670 3363 πολλήν
688 3274 799 3363 φλόγα
825 3270 1016 3362 φερομένην
1032 3284 1067 3337 ³0
1155 3314 1168 3331 s

53 3379 318 3467 συνδραμόντων
332 3380 387 3449 ἐπὶ
404 3377 466 3467 τήν
479 3374 644 3468 βοήθειαν
665 3380 721 3447 καί
735 3376 844 3445 πάντα
858 3402 1013 3463 μηχανω-

52 3482 169 3571 μένων
194 3478 256 3553 ὅσα
282 3480 462 3571 σβεστήρια
481 3486 542 3551 τοῦ
560 3476 666 3567 πυρὸς
691 3470 751 3567 ήν,
778 3468 862 3567 ήκεν
888 3474 906 3545 ὁ
929 3483 1016 3565 Ταρ·
