2367 3850
409 81 637 149 -A-
961 89 1002 153 97

51 250 229 333 παρεδίδου
256 246 296 317 δὲ
318 245 451 329 καὶτὰς
472 245 705 336 φυλαττούσας
729 248 791 339 τὴν
815 246 922 340 κόρην
945 253 1004 323 καὶ

50 352 185 438 ἐλέγχων
199 346 341 433 ούδενός
353 348 524 440 ἀφίστατο.
550 355 656 423 ταῦτα
674 353 829 440 λέγοντος
843 350 947 424 αύτού
963 352 1001 425 τό

28 452 103 541 ιμέν
115 458 183 523 τῶν
196 454 374 540 συνέδρων
387 459 517 545 πλῆθος
529 458 702 543 ἐπείθετο,
721 452 870 545 Ἀμόλιος
884 456 923 526 δέ
940 454 999 526 ού-

50 556 102 625 &zv
126 552 222 645 ύγιές
241 555 419 647 ,ἀπέφαινε
449 562 519 627 τῶν
543 553 840 649 ἀπολογουμένων,
866 556 942 629 ἀλλ’
964 562 1003 631 έκ

48 655 163 739 παντὸς
182 658 316 750 όέρμητο
335 660 462 748 τρόπον
480 658 543 750 την
557 658 744 750 ἄνθρωπον
757 660 933 733 ’άπολέσαι
963 667 1035 733 eva

48 759 108 855 όσμ
129 763 167 832 δὲ
187 761 286 833 ταῦτ’
300 765 433 852 ἐγένετο
452 768 608 853 παρῆσαν
628 769 664 835 οί
679 764 741 855 την
760 762 867 837 όδίνα
891 792 1000 854 φρου·

49 880 114 953 ρελν
139 868 321 954 ταχθέντες
346 864 633 956 άποφαίνοντες”
610 896 736 957 αρρενα
754 871 864 960 βρέφη
890 884 1002 939 τεκεῖν

49 967 102 1058 τὴν
122 969 232 1059 κόρην
251 976 395 1061 δίδυμα,
415 968 531 1041 καὶ’
489 978 569 1041 αυτί
568 999 611 1040 κα
630 974 793 1061 Νεμέτωρ
813 973 876 1061 μέν
896 975 936 1043 έν
952 978 1000 1067 τῷ

49 1069 131 1165 αύτφ
120 1070 253 1153 πολύς
271 1064 314 1163 ἦν
332 1074 421 1167 λόγφ
440 1101 502 1143 τον
487 1078 603 1144 θεοῦ
614 1102 651 1145 τε
664 1072 919 1157 ἀποδεικνύς
886 1102 924 1143 το
944 1083 999 1161 ἔρ·

49 1203 103 1263 γον
115 1178 172 1245 καὶ
185 1176 339 1265 μηδέν’
308 1204 354 1259 εις
367 1205 428 1269 την
441 1176 544 1267 κόρην
559 1174 712 1249 άναίτιον
723 1170 830 1249 οὖσαν
850 1182 923 1261 [τού
938 1176 1000 1248 πά·
1019 1193 1053 1244 10

50 1286 136 1363 θους]
159 1296 370 1371 παρανομεῖν
396 1279 515 1366 άξιιόν·
536 1278 676 1376 Ἀμολίῳ
704 1281 741 1353 δέ
770 1284 839 1352 τόν
864 1277 1000 1369 α’νθρω-

51 1390 146 1451 πείων
167 1409 201 1451 τι
221 1383 467 1475 μηχανημάτων
486 1385 542 1455 καὶ
556 1384 593 1455 τό
610 1387 689 1475 περὶ
706 1383 765 1456 τὸν
777 1384 877 1455 τόκον
892 1383 1003 1457 ἐδόκει

51 1488 203 1573 γενέσθαι
218 1490 555 1575 παρασκευασθέντος
565 1489 681 1577 ἑτέρου
695 1504 767 1571 ταῖς
776 1489 910 1577 γυναιξὶ
922 1489 1001 1577 βρέ-

52 1617 126 1676 φους
146 1584 168 1679 ἢ
188 1590 304 1679 κρύφα
328 1595 397 1661 τοῖν
422 1587 626 1681 φυλάκωνῆ
645 1590 1001 1681 συγκακουργούντων,

52 1694 99 1761 καὶ
118 1691 279 1763 πολλάί
247 1720 294 1773 ες
314 1699 412 1765 τοῦτο
433 1695 565 1783 ἐλέχθη.
602 1722 647 1777 ως
662 1692 747 1765 δέ
712 1722 773 1819 την
786 1693 924 1823 γνιόμην
943 1698 1004 1764 τού
1021 1716 1053 1769 15

54 1796 210 1883 βασιλέως
222 1802 353 1886 ἔμαθον
366 1804 401 1869 οἱ
409 1795 605 1886 σύνεδροι’
584 1795 798 1891 απαροιιτήτφ
812 1795 899 1888 ὀργῇ
916 1825 1002 1887 χρω-

53 1900 147 1988 μένην
167 1904 372 1972 ἐδικαίωσαν
396 1888 453 1974 ιιόδ
456 1896 568 1972 αύτολ
585 1901 743 1995 καθάπερ
762 1905 889 1984 ἐκεῖνος
909 1898 1004 1993 ηξίου

54 2008 191 2091 χρῆσθαι
209 2008 257 2096 τῷ
269 2005 362 2100 νόμφ
384 2003 556 2076 κελεύοντι
577 2033 640 2096 την
658 2006 722 2095 μέν
740 2005 948 2095 αἰσχύνασαν
966 2003 1004 2076 τό

53 2111 136 2195 σῶμα
147 2107 288 2197 ῥάβδοις
301 2139 321 2178 α
323 2104 720 2199 ίκισθεισαυάποθανεῑν,
734 2107 772 2180 τὸ
786 2110 823 2180 δέ
835 2107 1005 2198 γεννηθέν

23 2207 145 2289 »εἰς
113 2236 150 2279 το
168 2216 233 2282 τοῦ
250 2236 402 2301 ποταμου
387 2211 608 2301 βάλλεσθαι
627 2215 782 2304 ῥείθρου·
809 2216 874 2282 νῦν
890 2212 1005 2301 μέντοι
1021 2232 1056 2285 20

54 2311 148 2396 ζωσας
160 2314 433 2402 κατορύττεσθαι
450 2311 509 2396 τὰς
521 2314 675 2396 τοιαύτας
694 2310 794 2386 ὅτων
808 2309 944 2460 ἱερων’
925 2341 1004 2402 αγο-

55 2415 137 2503 ρεύει
149 2414 263 2506 νόμος.

121 2519 315 2594 LXXVllll.
333 2521 445 2612 Μέχρι
458 2519 520 2610 μέν
536 2518 578 2610 δη
591 2517 720 2590 τούτων
732 2522 925 2589 οἱπλεῖστοι
939 2547 1007 2589 των

56 2622 333 2712 συγγραφέων
297 2653 339 2694 πα
365 2621 451 2694 αύτά
477 2653 498 2713 η
518 2651 639 2714 μικρόν
664 2620 949 2710 παραλλάττοντες
975 2627 1010 2692 ολ

56 2751 110 2810 μεν
129 2726 238 2798 ἐπὶ
204 2756 242 2797 το
261 2729 540 2816 μυθωδέστερον,
567 2731 602 2796 οἱ
620 2722 657 2796 δ’
670 2723 780 2798 ἐπὶ
746 2754 784 2797 το
803 2753 844 2815 τη
829 2721 1007 2818 ’άληθείηι
1024 2740 1058 2792 25

58 2828 154 2911 ἐοικὸς
172 2836 300 2920 μᾶλλον
323 2828 570 2920 ἀποφαίνουσι,
591 2831 669 2917 περὶ
694 2829 733 2900 δέ
751 2833 820 2900 τάν
841 2830 914 2918 ἑξῆς
934 2834 1007 2898 δια-

58 2932 219 3020 φέρονται.
246 2939 281 3004 οἱ
290 2935 353 3024 μέν
367 2932 431 3022 γάρ
445 2929 551 3014 εύθύς
564 2929 787 3022 ἀναιρεθῆναι
800 2940 934 3022 λέγουσι
947 2929 1009 3020 τὴν

58 3035 172 3126 κόρην,
186 3041 220 3107 οἱ
234 3035 267 3107 δ’
282 3041 320 3108 έν
334 3041 449 3161 εἱρκτῇ
462 3038 717 3161 φυλαττομένην
730 3033 844 3128 άδήλφ
859 3034 1007 3108 διατελέ-

59 3159 113 3208 σαι
120 3138 262 3223 δόξαν’
242 3146 394 3230 αφαυοῦς
415 3137 569 3212 θανάτου
582 3166 629 3208 τω
649 3139 743 3234 δημφ
762 3141 1008 3226 παρασχοῦσαν

60 3244 295 3334 έπικλασθηναι
319 3242 409 3316 δέ
375 3272 436 3314 τον
452 3240 606 3332 Ἀμόλιον
625 3248 674 3324 εἰς
687 3247 784 3312 τοῦτο
798 3237 1010 3327 λκετευούσης
1025 3256 1061 3312 30

59 3370 109 3470 της
120 3346 291 3437 θυγατρός
305 3355 508 3438 χαρίσασθαι
521 3373 584 3433 την
598 3341 742 3428 άνεφιάν
754 3341 853 3432 αὐτῇ·
869 3333 955 3430 ησαν
970 3341 1008 3410 δε

60 3447 237 3538 σύντροφοί
253 3454 360 3524 τεκαὶ
383 3447 554 3542 ηλικίανέ
553 3458 673 3538 χουσαι
686 3473 754 3536 την
774 3441 881 3534 αὐτὴν
902 3441 1009 3516 όσπα-
1095 3541 1105 3551 .

102 3565 177 3618 υεοιι.
196 3582 217 3619 1.
369 3611 374 3622 ,
840 3557 860 3616 7
