2367 3850
163 57 206 118 ιο
460 10 761 115 ’-Α-

97 282 101 291 x
135 204 139 215 ⁸
167 223 358 305 διακομίσαι
384 217 503 286 νεωστὶ
525 230 691 304 φανεῖσαν
709 212 867 306 Ἀρκάδες
886 216 942 285 καὶ
958 211 1110 307 μουσικὴν

166 317 228 410 τὴν
249 315 481 407 δι’όργάνων,
502 314 525 388 ἃ
537 317 579 408 δὴ
594 318 693 406 λύραι
706 346 742 389 τε
755 320 811 389 καὶ
825 324 972 407 τρίγωνα
992 318 1048 389 καὶ
1060 315 1110 387 αό-

168 425 220 494 λοὶ
238 428 437 509 καλοῦνται,
459 427 528 491 των
541 425 714 509 προτέρων
726 419 778 493 ότι
790 418 836 511 μὴ
856 422 988 512 σύριγξι
1008 448 1112 510 ποιμε-

168 540 277 607 νικαῖς
298 524 413 597 οὐδενὶ
434 522 524 618 άλλςο
551 532 711 614 μουσικῆς
730 524 909 614 τεχνήματι
932 527 1115 614 χρωμένων,

134 647 150 699 5
167 629 291 719 νόμους
304 656 339 699 τε
359 632 485 699 θέσθαι
504 630 561 698 καὶ
575 628 638 718 τὴν
653 623 784 699 δίαιταν
805 631 842 699 ἐκ
856 633 917 697 τοὺ
932 626 1116 717 θηριώδους

168 735 223 803 ἐπὶ
238 741 394 801 πλεῖστον
407 738 455 811 είς
471 727 656 822 ἡμερότητα
671 748 872 820 μεταγαγεῖν
885 734 1003 821 τέχνας
1022 758 1059 801 τε
1071 730 1118 799 καὶ

169 834 412 925 ἐπιτηδεύματα
435 837 492 905 καὶ
514 833 600 905 άλλα
619 834 727 905 πολλά
752 863 827 904 τινα
850 832 1054 925 ὥφελήματα
1077 837 1135 913 είς

168 936 206 1007 τὸ
221 937 336 1009 κοινὸν
349 949 566 1027 καταθεῖναι,
586 941 642 1009 καὶ
666 936 723 1008 διδ
746 942 850 1007 ταῦτα
869 943 994 1029 πολλῆς
1015 940 1118 1026 έκιμε·

168 1048 259 1122 λείας
272 1042 449 1130 τυγχάνειν
463 1040 544 1129 πρὸς
557 1046 627 1111 τῶν
639 1038 907 1129 ὑποδεξαμένων.
933 1046 1036 1110 τοῦτο
1050 1038 1120 1110 δεό·
1148 1042 1151 1104 λ

120 1162 153 1215 10
169 1172 266 1233 τερον
285 1153 384 1227 ἔθνος
398 1142 591 1233 Ἑλληνικὸν
611 1143 693 1235 μετὰ
705 1143 903 1231 Πελασγοὺς
923 1140 1122 1241 ἀφικόμενα
1150 1177 1153 1222 ι

170 1255 217 1329 είς
232 1244 373 1319 Ἰταλίαν
389 1247 506 1339 κοινὴν
526 1255 600 1336 έσχε
613 1246 695 1338 μετὰ
714 1253 784 1317 τεόν
794 1244 1016 1337 Ἀβοριγίνων
1034 1256 1122 1333 οίκη·
1152 1253 1154 1330 ¹,

170 1371 225 1421 σιν
247 1354 293 1424 έν,
305 1356 352 1442 τῷ
372 1360 536 1445 κρατίστῳ
550 1356 608 1441 τῆς
621 1347 746 1441 Ῥώμης
765 1350 992 1442 ἱδρυσάμενον
1003 1356 1123 1441 χωρίῳ.

218 1502 220 1508 ,
246 1452 409 1524 XXXllll.
437 1453 577 1544 Ὀλίγοις
607 1453 641 1525 δ’
661 1453 804 1541 ὕστερον
830 1459 918 1525 ἔτεσι
943 1453 1027 1543 μετὰ
1053 1450 1124 1531 τοὺς

165 1554 327 1645 Ἀρκάδας
342 1555 441 1639 άλλος
460 1562 507 1639 είς
520 1555 662 1629 Ἰταλίαν
684 1554 876 1647 ἀφικνεῖται
889 1558 1005 1637 στόλος
1014 1553 1124 1643 Ἐλλη-

121 1684 153 1736 15
170 1659 264 1741 νικδς
282 1658 421 1749 ἄγοντος
435 1659 654 1750 Ἡρακλέους,
676 1658 712 1741 δς
730 1658 876 1750 Ἰβηρίαν
895 1662 951 1731 καὶ
971 1658 1012 1730 τὰ
1036 1662 1126 1750 μέχρι

171 1769 310 1852 δυσμῶν
324 1760 421 1853 ἡλίου
434 1765 542 1834 πάντα
556 1763 798 1852 χειρωσάμενος
809 1754 902 1853 ἧκεν.
931 1767 966 1846 ἐξ
978 1754 1028 1833 οὑν
1042 1788 1127 1840 τινες

166 1864 330 1955 Ἡρακλέα
342 1866 626 1958 παραιτησάμενοι
639 1872 695 1956 τῆς
709 1874 933 1957 πραγματείας
945 1864 1127 1956 άφεθηναι,

172 1973 249 2058 περὶ
263 1975 367 2040 ταῦτα
379 1968 419 2040 τά
433 1977 537 2061 χωρία
550 1967 736 2060 ὑπέμειναν
748 1973 805 2042 καὶ
818 1978 1007 2055 πολίζονται
1020 1969 1128 2060 λόφον

171 2072 359 2163 ἐπιτήδειον
372 2070 542 2162 εὑρόντες,
558 2081 737 2169 τρισταδίῳ
751 2073 789 2144 δὲ
803 2075 945 2163 μάλιστα
958 2074 1058 2163 μήκει
1072 2075 1129 2142 τοῦ

121 2193 155 2246 20
171 2183 385 2248 Παλλαντίου
406 2177 653 2266 διειργόμενον,
681 2175 717 2259 δς
730 2182 796 2247 νῦν
814 2179 876 2266 μέν
892 2186 1128 2255 Καπετωλῖνος

172 2277 383 2369 ὀνομάζεται,
402 2277 468 2352 ὑπὸ
490 2281 527 2350 δέ
540 2286 609 2351 τῶν
620 2279 695 2350 τότε
713 2277 906 2368 ἀνθρώπων
920 2279 1129 2366 Σατοάρυιος

172 2385 319 2471 ἐλέγετο,
347 2380 458 2472 ὥσπερ
479 2378 523 2454 άν
536 2393 624 2454 είποι
643 2410 692 2464 τις
707 2379 839 2453 Ἑλλάδι
859 2389 960 2475 φωνῇ
975 2383 1129 2474 Κρόνιος.

171 2492 239 2556 τόν
265 2488 303 2557 δέ
324 2482 605 2577 ὑπολειφθέντων
624 2492 660 2557 οί
676 2486 739 2574 μέν
758 2493 894 2567 πλείους
916 2479 1002 2575 ἦσαν
1021 2495 1129 2556 Πελο-

172 2589 362 2678 ποννήσιοι,
385 2595 553 2661 Φενεᾶταί
565 2618 602 2660 τε
619 2586 806 2660 καὶἘπειοδ
818 2595 853 2660 οί
866 2586 1061 2676 έξἯλιδος,
1081 2582 1129 2668 οἷς

122 2709 156 2762 25
172 2688 284 2762 οὐκέτι
305 2691 411 2774 πόθος
430 2684 472 2783 ἦν
495 2699 554 2783 τῆς
572 2698 688 2766 οἴκαδε
706 2687 789 2763 ὁδοῦ
813 2689 1130 2781 διαπεπορθημένης

174 2791 287 2874 αὐτοῖς
305 2799 363 2883 τῆς
381 2801 540 2884 πατρίδος
566 2799 671 2889 ἐντῷ
691 2793 774 2884 πρός
797 2793 960 2883 Ἡρακλέα
983 2797 1128 2887 πολέμῳ,
1144 2810 1163 2861 87

173 2899 325 2986 ἐμέμικτο
351 2899 391 2966 δέ
416 2925 447 2967 τι
467 2899 524 2968 καλ
544 2897 695 2986 Τρωικόν
715 2896 828 2980 αὑτοῖς
841 2904 910 2970 τῶν
928 2902 983 2969 ἐπὶ
996 2899 1128 2986 Λαομέ·

173 3006 288 3080 δοντος
305 2999 522 3088 αἰχμαλώτων
543 3004 576 3083 ἐξ
593 2997 692 3071 Ἰλίου
711 3005 904 3090 γενομένων
916 2998 971 3072 ὅτε
990 3007 1047 3090 τῆς
1067 2998 1127 3070 πό·

172 3113 255 3184 λεως
263 3100 425 3193 Ἡρακλῆς
438 3103 606 3192 ἐκράτησε.
629 3109 724 3174 δοκεῖ
740 3106 781 3175 δέ
791 3133 848 3194 μοι
865 3108 922 3176 καὶ
944 3111 1003 3176 τοῦ
1024 3102 1129 3172 ἄλλον

121 3225 156 3280 30
173 3212 314 3297 στρατοῦ
328 3212 413 3294 πᾶν,
428 3217 463 3278 εί·
471 3234 503 3276 τι
516 3205 708 3295 καματηρὸν
720 3202 742 3294 ἢ
754 3214 797 3297 τῇ
815 3207 926 3299 πλάνη
939 3205 1128 3296 άχθόμενον
1142 3227 1147 3237 ’

171 3298 232 3394 ἦν,
250 3306 373 3396 ἄφεσιν
393 3315 450 3398 τῆς
470 3316 643 3398 στρατείας
661 3310 884 3400 αἰτησάμενον
897 3317 936 3382 έν
955 3315 1002 3403 τῷ
1016 3315 1127 3401 χωρίῳ

169 3415 257 3504 τῷδε
278 3407 467 3502 ὑπομείναι.
503 3410 541 3484 τό
567 3413 606 3483 δέ
631 3409 736 3502 ὄνομα
762 3420 811 3509 τῷ
834 3413 928 3510 λόφφ
954 3412 1044 3494 τινὲς
1065 3412 1126 3502 μὲν
