2367 3850
172 110 235 172 260
385 99 388 108 ¹
522 106 770 167 --Γ-

174 274 232 358 τής
252 266 380 347 πόλεως
399 263 496 357 ήμύν
520 264 671 356 ἀγῶνας,
693 265 753 349 ούς
777 263 863 357 ύπδρ
883 264 940 356 τής
959 263 1141 356 ήγεμονίιις

176 369 433 460 ήγωνισάμεθα,
448 373 485 440 ἐν
499 365 605 462 ήμέρηι
619 373 854 459 διαφθαρῆναι
865 375 934 461 μιᾷ.
969 368 1091 458 ἐπειδὴ
1105 370 1142 438 δὲ

178 476 333 544 διέπεσεν
363 469 477 542 αὐτῶν
504 471 540 542 τό
567 472 740 560 βούλευμα
779 478 875 542 θεῶν
909 471 973 560 μὲν
1004 468 1143 550 εύνολας

118 644 120 648 .
177 578 452 665 προηγησαμένης
481 571 627 659 (ἁπάσας
653 573 718 663 γάρ
741 581 846 662 ἔγωγε
871 571 931 654 τὰς
952 571 1058 653 καλάς
1082 575 1143 643 καί

143 705 160 756 ε
177 676 308 767 ἀγαθάς
325 677 460 766 πράξεις
475 681 614 757 ἐκείνοις
629 673 829 766 ἀνατίθημι)
837 730 855 763 ,,
869 683 984 761 ἔπειτα
1005 677 1064 745 καὶ
1082 680 1144 764 τῆς

177 785 258 870 ἐμής
277 787 476 868 στρατηγίας
495 776 560 848 οὐκ
570 782 747 868 ἐλαχίστην
760 795 882 869 μολραν
896 789 944 858 είς
955 805 992 847 τε
1010 775 1049 848 τδ
1065 779 1145 858 δέος

178 887 247 952 τεόν
266 887 436 970 πολεμίων
455 882 512 951 καί
531 887 578 962 είς
596 881 634 951 τό
653 880 782 969 θάρσος
801 881 839 950 τὸ
852 876 1015 969 ὑμέτερον
1029 907 1143 968 παρα·

179 986 339 1073 σχομένης
365 981 401 1066 (δ
414 982 479 1072 γάρ
493 981 558 1072 ἐγώ
573 987 611 1053 ἐν
626 989 673 1078 τῷ
687 983 760 1054 τότε
774 981 881 1070 ἀγῶνι
894 989 998 1072 ἔφην,
1016 979 1064 1063 ὥς
1077 978 1143 1052 ὑπ’

179 1090 261 1175 ἐμοῦ
273 1087 520 1166 κελευσθέντες
535 1082 692 1173 Ἀλβανοὶ
706 1085 1085 1181 προκαταλαμβάνονται
1102 1083 1146 1154 τά

128 1213 162 1267 10
179 1185 240 1280 όρη
252 1188 465 1269 ’κυκλώσεως
486 1194 554 1258 τῶν
574 1195 743 1277 πολεμίων
759 1192 875 1273 ἕνεκα,
891 1186 1071 1276 πλάσματα
1084 1190 1147 1256 καὶ

77 1381 79 1384 ¹
178 1291 430 1415 στρατηγήματα
455 1283 499 1414 ήν
526 1290 619 1378 ἐμά),
647 1290 887 1380 κεχωρηκότων
913 1287 949 1358 δ’
962 1287 1046 1378 ἡμῖν
1071 1295 1147 1360 τῶν

178 1393 381 1482 πραγμάτων
396 1390 439 1474 ὡς
451 1389 533 1482 ήμῑν
545 1394 735 1482 συνέφερεν
750 1391 813 1463 ούιι
826 1389 868 1462 ἀν
885 1399 1002 1481 είημεν
1014 1389 1146 1481 ἄνδρες

178 1503 272 1576 ὁῖονς
299 1491 384 1584 ήμάς
411 1495 571 1586 προσήίιει
595 1494 700 1580 εἶναι,
729 1501 761 1564 εί
790 1493 835 1585 μή
859 1499 1146 1621 τιμωρησαίμεθα

178 1597 256 1678 τοὺς
273 1597 507 1688 προδότας,
472 1625 504 1668 οι
519 1624 558 1684 γε
572 1601 725 1687 χωρίς
685 1625 743 1686 της
755 1595 887 1686 άλλης’
869 1595 1147 1686 αναγκαιότητος,

130 1719 162 1770 15
179 1697 222 1790 ήν
236 1697 293 1770 διά
306 1727 343 1770 το
331 1697 517 1790 συγγενὲς
531 1697 685 1788 έχρήν’
645 1697 974 1790 αυτούςφνλάττειν,
991 1697 1147 1780 σπονδάς

177 1798 270 1872 καὶ”
251 1829 348 1890 ορκια
368 1802 585 1891 ποιησάμενοι
609 1801 692 1892 πρός
709 1798 795 1892 ήμάς
814 1802 968 1890 ἔναγχος
975 1799 1056 1872 οὔτε
1076 1813 1144 1871 θε-

178 1902 238 1984 ούς
258 1905 445 1992 δείσαντες,
466 1901 524 1986 οὓς
544 1908 620 1975 τάν
632 1901 819 1995 ὁμολογιῶν
831 1905 1030 1994 ἐποιήσαντο
1051 1903 1143 1993 μάρ-

176 2011 299 2095 τυρας,
327 2003 405 2076 ούτε
429 2005 466 2077 τδ
488 2005 723 2079 δίκαιονάύτδ
748 2006 887 2097 καλιήν
912 2005 1144 2096 ἀνθρωπίνην

177 2110 314 2197 νέμεσιν
333 2112 569 2200 ἐντραπέντες,
593 2106 673 2179 ούτε
685 2108 723 2179 τὸ
743 2109 805 2181 τού
817 2109 982 2180 κινδύνου
995 2112 1145 2198 μέγεθος

126 2230 160 2281 20
178 2218 209 2284 εί
226 2208 277 2301 μή
291 2210 376 2281 κατὰ
396 2216 482 2282 νοῦν
509 2208 623 2295 αὐτοῖς
637 2208 660 2301 ή
674 2218 837 2308 προδοσία
850 2212 1031 2303 χωρήσειεν
1051 2206 1140 2281 ύπο-
1160 2230 1184 2277 4“

176 2312 381 2402 λογιζόμενοι
387 2366 397 2399 ,
418 2312 477 2383 τὸν
495 2324 663 2385 οίκτιστον
676 2312 900 2404 τρόπον’ήμάς
919 2320 1144 2403 ἐπεχείρησαν

176 2411 337 2486 ἀπολέσαι
350 2414 428 2496 τούς
445 2413 607 2496 ἀποίκους
628 2444 665 2485 τε
678 2420 735 2486 καὶ
757 2414 932 2505 εύεργέτιις
956 2423 991 2487 οί
1007 2424 1143 2487 κτίσται

134 2590 137 2596 ,
175 2514 257 2605 μετά
270 2522 339 2585 τύν
354 2520 519 2603 ἐχθίστων
531 2546 567 2587 τε
583 2520 639 2587 καί
654 2518 912 2608 πολεμιωτάτων
924 2518 1071 2599 στάντες.

249 2618 415 2688 XXVIIII.
443 2626 555 2690 Ταῦτα
578 2618 613 2689 δ’
634 2618 738 2691 αύτού
759 2621 913 2709 λέγοντος
930 2626 1078 2710 οἰμωγαί
1099 2647 1143 2690 τε

125 2738 159 2789 25
176 2722 245 2788 τῶν
260 2717 434 2807 Ἀλβανύν
453 2725 605 2809 ἐγίνοντο
624 2726 680 2792 καὶ
702 2726 912 2793 παντοδαπαί
919 2710 1055 2813 δεήσεις
1075 2730 1142 2793 τού

174 2820 238 2909 μὲν
257 2821 366 2911 δήμου
386 2826 492 2910 μηδὲν
511 2825 696 2911 ἐγνωκέναι
715 2829 870 2915 λέγοντος
891 2818 941 2895 οἷν
960 2822 1141 2906 ὁΜέττιος

175 2926 377 3012 ἐμηχανᾶτο,
397 2930 465 2993 τάν
481 2926 518 2995 δέ
532 2924 589 3006 τάς
604 2924 781 3017 ἡγεμονίας
793 2928 941 3016 ἐχόντων
960 2926 1002 2998 ού
1014 2928 1137 3013 πρότε-

174 3052 273 3115 τερον
286 3023 460 3095 πεπύσθαι
472 3025 529 3107 τάς
537 3025 747 3154 ἀπορρήτους
760 3031 886 3119 βουλάς
895 3032 1139 3119 σκηπτομένων

173 3122 194 3216 ή
217 3130 254 3197 ἐν
268 3126 360 3221 αύτφ
376 3132 536 3216 γενέσθαι
556 3136 603 3221 τῷ
623 3129 747 3220 ἀγωνι,
774 3130 874 3222 ήνίκα
892 3131 972 3207 οὔτε
989 3132 1139 3204 κωλύειν

123 3246 156 3295 30
174 3225 251 3298 οὕτε
273 3229 318 3319 μή
334 3230 496 3321 πράττειν
517 3230 558 3299 τά
578 3234 783 3359 κελευόμενα
801 3238 839 3304 ἐν
860 3236 996 3327 δυνατφ
1016 3240 1137 3323 σφίσιν

174 3320 228 3415 ἦν,
242 3328 306 3450 ήδη
324 3336 365 3401 δέ
375 3360 478 3403 τινων
494 3334 551 3401 καὶ
570 3334 674 3403 ἐπὶ
638 3364 701 3423 την
713 3333 874 3407 ἀκούσιον
887 3334 1038 3425 ἀνάγκην
1050 3334 1134 3405 ἀνα

174 3428 349 3543 φερόντων
363 3431 401 3501 τὸ
415 3439 549 3523 πράγμα
567 3434 624 3505 διά
643 3436 825 3524 κηδείαν’1
802 3470 832 3528 η
845 3437 910 3509 διδ
907 3440 1132 3534 συγγένειαν·
