2367 3850
410 95 638 195 -ι-
943 137 1003 200 ιιι

41 283 71 382 ύ
80 291 185 378 Κυρὶς
197 289 307 379 ὄνομα
318 283 381 381 ἦν,
395 298 514 382 κῆνον
525 289 613 382 ὑπὲρ
630 297 692 364 τοῦ
704 294 851 380 noum
867 294 1001 384 διήνυ-

11 406 107 464 Ικαν
133 392 372 478 ἀποδείξαντες
389 391 537 484 ἡγεμόνα
562 401 622 483 τῆς
648 399 803 484 στρατιάς
827 395 1003 482 mom&

39 501 234 568 ἐπεκαλεῖτο
258 497 394 582 Τάτιος,
415 501 552 587 βασιλέα
564 502 735 584 Κυριτῶν.
775 506 920 587 Σαβῖνοι
940 501 1003 590 μίν
1137 555 1147 566 .

39 599 84 688 δὴ
101 605 209 670 ταῦτα
228 600 495 690 βουλευσάμενοι
514 602 572 671 καί
593 603 812 681 διαλυθέντες
839 601 923 672 κατά
944 601 1003 684 τάς

36 704 152 782 πόλεις
176 700 219 772 τά
241 701 326 792 πρὸς
350 702 584 790 τδν.πύλεμον
606 699 859 792 ηὐτρεπίζοντο,
885 699 930 786 ῶς
955 713 1036 786 είςο

35 808 147 876 νέωτα
162 807 219 874 ἐπί
231 804 295 894 τὴν
303 803 431 894 Ῥώμην
442 810 551 893 πολλῇ
562 808 650 892 χειρί
663 805 848 888 ἐλάσοντες.

114 907 287 978 XXXVII.
306 906 362 978 Ἐν
379 906 488 1002 τούτφ
508 908 546 978 δὲ
559 909 616 978 καὶ
630 903 823 997 ὁῬωμύλος
838 905 1001 1000 ἀντιπαρ-

36 1011 233 1094 εσκευάζετο
252 1009 294 1081 τά
305 1009 483 1099 κράτιστα,
501 1007 548 1091 ῶς
565 1007 798 1099 ἀμυνούμενος
817 1007 943 1099 ἀνδρας
961 1011 1002 1082 τά

35 1121 181 1201 πολέμια
207 1111 387 1201 ἀλκίμους,
413 1118 474 1182 τού
495 1114 752 1201 μδνΠαλατίου
773 1111 811 1184 τὸ
830 1128 937 1201 Ιτεῖχος
957 1111 1002 1194 ῶς

35 1213 289 1303 ἀσφαλέστερον
306 1215 396 1286 είναι
416 1231 486 1297 τοῖς
505 1221 607 1286 ίνδον
631 1212 849 1305 ὑψηλοτέροις
875 1217 998 1304 δρύμα-
1019 1238 1053 1292 ιο

37 1341 93 1388 σιν
118 1323 278 1406 ἐγείρων,
305 1317 385 1400 τούς
410 1319 446 1388 δὲ
466 1320 733 1407 παρακειμένους
758 1316 849 1412 αύτῷ
875 1319 1001 1408 λόφους

36 1420 95 1491 τόν
107 1449 145 1492 τε
152 1420 341 1492 Αὐεντῖνον
353 1423 410 1494 καί
422 1419 483 1490 τὸν
492 1429 732 1492 Καπετωλῖνον
744 1428 809 1494 νῦν
819 1422 1001 1510 λεγόμενον

36 1521 285 1612 ἀποταφρεύων
298 1523 583 1612 καίχαρακιύμασι
605 1539 778 1612 καρτεροῖς
792 1525 1000 1612 περιλαμβά-

36 1654 124 1712 νων,
140 1631 178 1696 ἐν
191 1623 242 1708 οἷς
255 1625 296 1695 τά
309 1634 448 1714 ποίμνια
461 1629 519 1696 καί
531 1625 609 1706 τούς
622 1625 791 1714 γεωργούς
804 1624 1000 1709 αὐλίζεσθαι

35 1727 93 1809 τὰς
120 1728 249 1810 νύκτας
274 1732 433 1811 ἐπίταξιν
458 1730 606 1820 ἐχεγγύῳ
633 1733 769 1820 φρουρᾷ
798 1725 1000 1814 καταλαβῶν
1018 1749 1051 1804 ίί

37 1830 214 1919 ἑκάτερον,
242 1834 299 1901 καί
319 1842 355 1902 εί
373 1860 405 1901 τι
428 1828 511 1904 ἀίλο
530 1837 657 1921 χωρίον
676 1829 864 1919 ἀσφάλειαν
886 1829 1000 1912 αύτοίς

37 1938 196 2021 παρέξειν
209 1942 349 2023 ἔμελλεν
363 1932 610 2023 ἀποταφρεύων
625 1937 681 2006 καί
695 1942 930 2023 περισταυρῶν
944 1938 1000 2007 καί

38 2036 93 2107 διά
112 2043 268 2127 φυλακῆς
288 2044 383 2125 ἔχων.
414 2029 475 2125 ἧκε
489 2040 527 2108 δὲ
545 2036 638 2129 αύτῷ
657 2043 843 2128 Τυρρηνῶν
861 2042 998 2107 ἐπικου-

37 2149 114 2227 ρίαν
133 2139 256 2229 ίκαυὴυ
278 2137 372 2229 ἀγων
398 2144 435 2211 ἐκ
453 2148 632 2211 Σολωνίου
652 2140 779 2219 πόλεως
805 2138 891 2227 ἀνὴρ
918 2147 998 2227 δρα·

12 2241 170 2332 ίστήριος
187 2244 245 2312 καὶ
266 2242 308 2312 τά
327 2245 469 2329 πολέμια
488 2243 672 2332 διαφανὴς,
699 2240 863 2330 Λοκόμων
883 2240 999 2329 ὄνομα,
1017 2267 1051 2321 2⁰

37 2354 134 2432 φίλος
160 2342 204 2415 ού
223 2343 289 2431 πρὸ
309 2350 436 2415 πολλοῦ
456 2345 618 2432 γεγονῶς,
645 2347 702 2414 καί
721 2342 811 2433 παρά
827 2341 1000 2430 Ἀλβανῶν

37 2446 175 2535 ἀνδρες,
195 2445 256 2528 οὓς
275 2443 443 2526 δπάππος
461 2454 610 2535 ἔπεμψεν
631 2446 739 2539 αὐτῷ,
762 2447 880 2533 συχνοί
900 2469 998 2534 στρα-

37 2557 154 2621 τιῶταί
175 2577 214 2619 τε
235 2551 293 2619 καί
310 2546 473 2637 ὑπηρέται
491 2553 548 2620 καί
566 2567 712 2638 τεχνῖται
733 2554 924 2636 πολεμικῶν
944 2558 999 2634 ἔρ·

38 2682 121 2741 γων,
140 2653 234 2733 σῖτύς
251 2680 289 2723 τε
302 2654 358 2723 καί
372 2648 461 2725 ὅπλα
479 2655 536 2724 καί
549 2649 612 2724 ὅσα
625 2651 754 2732 τούτοις
768 2652 944 2743 πρόσφορα
959 2643 1001 2742 ἦν

40 2760 161 2835 ἱκανῶς
178 2754 313 2825 ἅπαντα
333 2760 576 2845 ἐπεχορηγεῖτο.
607 2757 681 2826 ἐπεὶ
704 2753 739 2825 δ’
761 2758 799 2825 ίν
820 2757 939 2849 ἕτοίμφ
961 2754 1002 2827 τὰ
1018 2776 1051 2827 ιο

39 2858 117 2945 πρὸς
134 2856 197 2927 τὸν
209 2856 326 2944 ἀγῶνα
346 2849 389 2947 ἦν
408 2861 594 2945 ἑκατέροις,
609 2865 707 2945 ἔαρος
720 2854 907 2947 ἀρχομένου
921 2858 1001 2946 μίλ-

39 2969 152 3041 λουτες
179 2960 312 3047 ἐξάγειν
341 2967 377 3031 οί
400 2969 546 3050 Σαβῖνοι
571 2959 631 3042 τὰς
662 2961 822 3050 δυνάμεις
847 2967 1002 3049 ἔγνωσαν

39 3060 234 3135 ἀποστεῖλαι
247 3069 431 3150 πρεσβείαν
442 3069 578 3152 πρῶτον
591 3060 644 3145 ὡς’
655 3062 734 3143 τούς
752 3069 931 3150 πολεμίους
944 3061 1002 3143 τάς

41 3193 72 3235 τι
89 3182 259 3254 γυναῖκας
278 3161 488 3247 ἀξιώσουσαν
514 3162 700 3254 ἀπολαβεῖν
719 3168 776 3236 καί
800 3172 896 3245 δίκας
915 3159 1002 3253 ὑπὲρ

41 3266 150 3339 αὐτῶν
164 3266 370 3357 αἰτήσουσαν
388 3272 446 3357 τῆς
464 3265 633 3357 ἁρπαγῆς,
655 3274 713 3339 ἵνα
733 3267 775 3357 δὴ
790 3264 834 3337 δι’
850 3263 1002 3356 ἀνάγκην
1018 3290 1054 3345 ω

42 3375 186 3442 δοκῶσιν
205 3368 428 3460 ἀνειληφέναι
453 3369 513 3443 τάν
541 3371 687 3461 πόλεμον
716 3369 758 3439 ού
782 3369 1004 3457 τυγχάνοντες

42 3480 104 3545 τῶν
124 3478 289 3560 δικαίων,
311 3474 367 3545 καί
386 3472 465 3556 τούς
484 3473 633 3565 κη’ρυκας
653 3482 802 3561 ἔπεμπον
819 3474 874 3543 ίπί
888 3474 1002 3545 ταῦτα.
