2367 3850
408 100 638 161 -r-
783 78 787 102 ¹
945 59 1074 172 ια’

41 271 177 350 οίκησιν
187 261 288 352 εἶχεν.
306 260 532 352 πολιτικάμλν
541 261 583 354 δή
596 269 702 336 ταῦτα
714 269 775 334 τού
786 261 912 357 ἀνδρός
926 273 1008 358 ἔργα

39 371 266 456 παραδίδοται
283 365 387 455 λόγου
400 364 492 450 ἀξια·

111 469 155 538 ll.
175 471 353 560 πολεμικαὶ
367 469 406 538 δὲ
427 468 562 561 πράξεις
588 470 708 539 πολλαί
734 470 798 558 μέν
824 472 880 541 καὶ
905 471 1004 544 άλλαι

36 572 327 662 μνημονεύονται,
355 574 434 659 περὶ
455 563 505 643 ὧν
527 581 662 661 ἔρχομαι
686 575 790 656 λέξων
812 572 875 664 τήν
898 572 1004 665 ἀρχήν

36 675 265 764 ποιησάμενος
283 673 349 745 ἀπό
368 681 430 744 τού
443 674 527 765 πρός
559 671 743 764 Ἀλβανούς
763 681 919 768 πολέμου.
950 689 1038 750 cti-5

35 805 105 858 τιος
127 777 169 848 δὲ
188 782 249 848 τού
262 782 438 868 διαστῆναι
458 778 517 860 τάς
537 777 653 858 πόλεις
671 781 729 848 καὶ
748 786 847 850 λύσαι
869 780 906 851 τό
920 803 1004 870 συγ-

35 881 133 968 γενὲς
162 878 248 971 ἀνήρ
275 878 435 971 Ἀλβανός
463 883 595 970 ἐγένετο
624 887 780 963 Κλοίλιος
808 880 914 973 ὄνομα
946 889 1005 974 τῆς
1060 889 1063 894 ’

35 991 196 1074 μεγίστης
216 980 318 1074 ἀρχῆς
331 981 506 1072 ἀξιωθείς,
526 981 563 1065 δς
577 979 765 1073 ἀχθόμενος
778 988 832 1056 ἐπὶ
846 1001 914 1066 τοῖς
924 980 1001 1056 Ῥω-

35 1093 150 1175 μαίων
164 1084 306 1174 ἀγαθοῖς
325 1090 383 1157 καὶ
395 1091 549 1175 κατέχειν
566 1083 628 1156 τόν
641 1087 776 1176 φθόνον
796 1085 837 1158 ού
854 1087 997 1178 δυνάμε-

36 1217 92 1270 νος
119 1190 224 1278 φύσει
247 1217 283 1259 τε
310 1186 467 1280 αύθάδης
490 1191 547 1260 καί
573 1185 844 1280 ὑπομαργότερος
870 1187 919 1260 σίν
947 1195 1000 1262 έκ-
1021 1215 1053 1266 10

35 1298 229 1381 πολεμῶσαι
245 1290 303 1373 τάς
323 1292 437 1373 πόλεις
451 1299 539 1381 ἔγνω
553 1290 637 1382 πρός
658 1290 809 1384 ἀλλήλας.
837 1291 899 1382 ούχ
913 1290 1002 1383 όριλυ

36 1396 71 1465 δὲ
85 1391 179 1477 ὅπως
189 1390 232 1465 ἀν
245 1400 371 1465 πείσειε
380 1393 459 1476 τούς
468 1393 651 1485 Ἀλβανούς
660 1394 804 1485 στρατόν
814 1393 906 1490 αύτῷ
918 1396 1002 1468 κατά

30 1494 203 1587 Ῥωμαίων
221 1494 319 1587 άγειν
344 1500 519 1588 ἐπιτρέψαι
541 1497 624 1587 μήτε
640 1502 770 1580 δικαίας
791 1505 899 1586 ίχοντι
916 1527 999 1590 προ-

36 1601 155 1688 φάσεις
164 1600 246 1690 μήτε
255 1598 450 1689 ἀναγκαίας,
463 1605 650 1690 μηχανᾶται
665 1601 707 1690 δή
719 1628 751 1670 τι
764 1602 911 1672 τοιόνδε·
933 1619 1001 1685 τοῖς

35 1701 262 1794 ἀπορωτάτοις
290 1701 461 1792 Ἀλβανόν
486 1706 544 1775 καί
566 1703 790 1793 θρασυτάτοις
811 1708 915 1794 έφήκε
940 1715 1049 1795 λη-,Ιθ

36 1806 169 1877 στεύειν
189 1802 267 1886 τούς
279 1802 449 1896 Ῥωμαίων
463 1803 588 1894 ἀγρούς
601 1804 722 1878 ἀδειαν
735 1803 1001 1899 ὑπισχνούμενος

36 1911 89 1980 καί
102 1907 336 1997 παρεσκεύασε
350 1907 494 1991 πολλούς
506 1907 674 1981 ἀκίνδυνα
689 1913 792 2002 κέρδη
806 1911 1000 2001 διύκουτας,

37 2004 82 2082 ἀν
108 2010 192 2084 οὐδὲ
217 2013 425 2103 κωλυόμενοι
451 2009 520 2083 ύπό
545 2018 607 2083 τοῦ
630 2016 727 2095 δέους
751 2012 1001 2103 ἀποστήσεσθαι

17 2124 193 2205 ιέμελλον,
218 2120 383 2207 ἐμπλῆσαι
404 2118 553 2205 πολέμου
573 2123 754 2206 λῃστρικοῦ
780 2114 843 2206 τήν
861 2115 998 2206 ὅμορον.

34 2224 134 2290 τούτο
148 2216 182 2288 δ’
197 2228 338 2310 ἔπραττε
357 2217 443 2290 κατά
456 2218 618 2308 λογισμόν
630 2216 693 2289 ούκ
707 2216 882 2305 ἀπεικότα,
903 2215 949 2299 ιός
961 2217 999 2289 τὸ
1016 2236 1050 2286 20

34 2328 136 2412 ἔργον
154 2323 375 2413 ἐμαρτύρησε,
391 2318 574 2413 Ῥωμαίους
586 2321 649 2411 μέν
662 2319 727 2410 γάρ
743 2317 805 2391 ούιι
819 2317 1000 2405 ἀνέξεσθαι

34 2424 91 2507 τάς
112 2422 267 2515 άρπαγάς
289 2422 547 2515 ἀπελάμβανεν,
569 2421 645 2495 ἀλλ’
661 2424 715 2493 ἐπὶ
731 2420 776 2509 ,τά
789 2418 876 2494 ὅπλα
889 2424 1001 2513 χωρή-

34 2550 125 2617 σειν,
151 2525 243 2622 αύτῷ
266 2526 301 2598 δ’
316 2531 471 2612 ἐξουσίαν
491 2535 631 2597 ἔσεσθαι
658 2542 859 2615 κατηγορεῖν
885 2523 999 2597 αὐτῶν

34 2629 117 2721 πρὸς
136 2630 196 2700 τόν
216 2636 323 2721 δῆμον
342 2626 387 2711 ἀς
400 2628 575 2719 ἀρχόντων
593 2631 759 2717 πολέμου,
771 2625 944 2717 Ἀλβανόν
961 2629 999 2701 δέ

33 2732 111 2816 τούς
131 2742 307 2814 πλείστους
327 2739 544 2822 φθονοῦντας
567 2746 637 2812 τοῖς
658 2729 810 2813 ἀποίκοις
822 2737 880 2821 τής
899 2730 997 2803 ιύτυ-
1017 2751 1050 2800 25

34 2845 104 2924 χίας
133 2838 290 2920 δέξεσθαι
320 2834 377 2919 τάς
405 2833 563 2924 διαβολάς
588 2832 753 2924 ἀσμένους
771 2837 829 2905 καὶ
846 2834 907 2906 τὸν
923 2833 996 2905 κατ’

35 2937 149 3009 αὐτῶν
169 2938 317 3028 πόλεμον
336 2942 477 3021 ἐξοίσειν
484 2991 494 3025 ,
514 2936 599 3029 ὅπερ
613 2940 669 3007 καὶ
687 2940 823 3026 συνέβη.
846 2935 1000 3025 ἀγόντων

35 3042 96 3132 γάρ
117 3044 175 3111 καί
192 3041 370 3132 φερόντων
386 3039 552 3132 ἀλλήλους
578 3047 648 3111 τοῖν
666 3038 946 3128 κακουργοτάτων
965 3041 1000 3121 έξ

37 3145 173 3234 ἑκάστης
191 3144 320 3225 πόλεως
342 3147 399 3215 καὶ
415 3150 572 3234 στρατιάς
592 3170 673 3214 ποτε
687 3140 870 3231 Ῥωμαϊκῆς
895 3144 998 3231 ἐμβα·

37 3248 156 3336 λούσης
170 3255 217 3328 είς
236 3246 299 3337 τήν
311 3245 493 3338 Ἀλβανήν,
515 3243 580 3334 ἀφ’
598 3237 637 3336 ής
655 3246 773 3315 πολλοὶ
787 3246 855 3312 τῶν
868 3246 1000 3333 ληστιόν
1017 3261 1052 3313 30

38 3355 69 3419 οί
83 3350 146 3441 μέν
167 3346 402 3440 ἀνῃρέθησαν,
426 3354 461 3421 οί
481 3349 518 3420 δέ
531 3348 796 3438 συνελήφθησαν
803 3396 814 3431 ,
836 3345 999 3433 συγκαλέ-

38 3473 94 3534 σας
107 3451 146 3523 τό
161 3460 291 3543 πλῆθος
305 3461 353 3533 είς
366 3455 548 3541 ἐκκλησίαν
560 3450 579 3521 ό
595 3458 765 3533 Κλοίλιος,
787 3450 824 3515 ἐν
837 3438 860 3534 ᾗ
874 3446 1002 3537 πολλὴν

788 3555 850 3615 14*
