2367 3850
405 183 639 244 ...Γ-

34 349 115 434 ρίας
138 341 284 432 μεγάλης
304 359 373 426 τοϊς
395 343 605 426 Ἀπιολανοῖς
630 342 742 426 διττάς
769 350 899 416 τίθεται
923 347 1006 438 πρὸς

34 445 165 526 αύτούς
184 447 303 535 μάχας,
330 448 495 538 κρατήσας
516 445 549 517 δ’
566 452 604 518 έν
625 446 827 539 ἀμφοτέραις
846 452 923 540 περὶ
944 450 1006 540 τήν

33 556 241 636 πολιορκίαν
259 553 317 638 τῆς
335 551 463 636 πόλεως
476 554 605 639 ἐγίνετο
623 554 680 621 καὶ
695 558 842 642 προσῆγε
854 569 924 634 τολς
937 561 1004 623 τεί-

33 674 112 741 χεσι
134 651 193 732 τάς
209 653 369 742 δυνάμεις
387 658 424 724 ἐκ
445 659 617 744 διαδοχῆς·
642 660 679 724 οί
695 652 730 724 δ’
744 659 782 726 ἐκ
800 661 859 744 τής
877 658 1005 738 πόλεως

33 754 149 843 ὀλίγοι
157 783 193 824 τε
203 753 286 844 πρδς
295 755 439 837 πολλούς
447 756 629 846 μαχόμενοι
643 759 698 826 καὶ
710 748 916 830 κατόύδὲνα
930 789 1002 830 και·
1021 783 1038 833 5

34 856 102 948 ρόν
121 854 342 939 ἀναπαύσεως
354 859 575 949 τυγχάνοντες
590 863 797 952 ἐξῃρέθησαν
811 860 876 933 σύν
884 862 1004 957 χρόνῳ.

34 959 187 1048 ἁλούσης
209 961 247 1031 δὲ
262 960 345 1031 κατὰ
369 963 487 1053 κρότος
505 969 564 1053 τῆς
583 965 711 1044 πόλεως
731 970 767 1034 οί
786 965 849 1054 μέν
869 973 1006 1047 πλείους

34 1069 110 1134 τῶν
127 1061 333 1134 Ἀπιολανῶν
346 1066 525 1155 μαχόμενοι
546 1066 822 1155 κατεσφάγησαν,
843 1064 949 1158 ὀλίγοι
969 1067 1005 1138 δὲ

34 1165 79 1236 τὰ
94 1163 185 1237 ὅπλα
200 1167 407 1255 παραδόντες
428 1167 496 1258 ἀμα
510 1186 579 1250 τοῖς
594 1167 707 1249 ἀλλοις
720 1170 884 1258 λαφύροις
902 1171 1005 1257 έπρά-

35 1282 173 1359 θησαν,
200 1272 317 1350 παῖδές
334 1297 370 1341 τε
396 1269 509 1342 αύτύν
537 1275 595 1341 καὶ
614 1287 771 1360 γυναῖκες
799 1269 1004 1362 ἀνδραποδι-
1025 1297 1057 1347 10

37 1375 183 1452 σθέντες
196 1369 262 1442 ὑπό
272 1370 450 1462 Ῥωμαίων
463 1371 681 1464 ἀπήχθησαν,
696 1377 752 1444 καί
766 1372 787 1466 ἡ
801 1376 897 1456 πόλις
911 1383 1003 1464 διαρ-

38 1487 214 1546 πασθεῖσα
234 1477 435 1566 ἐνεπρήσθη.
466 1482 572 1547 ταῦτα
594 1478 861 1568 διαπραξάμενος
875 1478 893 1549 ὁ
908 1488 1005 1568 βασι-

38 1577 122 1658 λεὺς
146 1579 203 1646 καὶ
229 1577 267 1647 τὸ
286 1595 392 1668 τεῖχος
416 1583 453 1650 έκ
474 1588 644 1670 θεμελίων
663 1582 878 1665 κατασκάψας
898 1579 1006 1670 ἀπῆγε

37 1680 105 1770 τήν
126 1681 272 1770 δύναμιν
300 1681 358 1752 ἐπ’
373 1693 469 1753 οίκου
489 1686 545 1753 καὶ
559 1682 641 1772 μετὰ
656 1682 760 1754 τοῦθ’
775 1688 893 1773 ἑτέραν
905 1705 1005 1774 στρα-

38 1783 118 1854 τιάν
138 1781 268 1872 ἀπήγεν
296 1787 351 1855 έπλ
372 1784 434 1875 τήν
455 1795 759 1875 Κρουστομερίνων
778 1787 885 1858 πόλιν.
921 1785 1006 1875 αύτη
1025 1813 1057 1864 15

40 1889 79 1959 δὲ
103 1885 239 1958 ἀποικία
258 1887 320 1977 μέν
340 1880 384 1978 ήν
405 1896 579 1977 Λατίνων,
609 1890 842 1982 προσεχώρησε
866 1891 903 1961 δέ
921 1888 1006 1961 Ῥω-

39 1997 155 2081 μαίοις
175 1992 229 2060 έπλ
248 1987 491 2081 τήςῬωμύλου
515 2000 727 2073 δυναστείας·
756 2002 950 2084 Ταρκυνίου
970 1996 1007 2065 δὲ

40 2094 105 2183 τήν
128 2092 234 2183 ἀρχὴν
256 2096 509 2185 παραλαβόντος
528 2095 567 2165 τά
581 2104 739 2166 Λατίνων
761 2090 863 2176 αὖθις
886 2095 1007 2185 ἤρξατο

6 2218 24 2269 λ’)
41 2213 197 2287 φρονεῖν.
224 2193 265 2265 ού
286 2197 353 2287 μήν
375 2200 493 2288 ἐδέησέ
510 2226 549 2287 γε
564 2200 620 2268 καί
634 2198 760 2287 ταύτην
775 2208 951 2291 πολιορκίᾳ
971 2227 1008 2268 τε

41 2298 323 2389 παραστήσασθαι
337 2302 393 2371 καί
411 2298 519 2395 πόνφ·
535 2300 702 2389 μαθόντες
716 2300 781 2391 γάρ
795 2308 1004 2389 οίΚρουστο·
1024 2320 1059 2370 20

41 2418 176 2493 μερίνοι
190 2401 228 2471 τό
248 2430 284 2471 τε
297 2410 426 2493 πλῆθος
447 2410 505 2493 τής
526 2400 670 2493 ἡκούσης
691 2402 743 2474 ἐπ’
760 2403 882 2485 αύτούς
903 2403 1007 2473 δυνό-

42 2534 134 2597 μεως
160 2508 215 2575 καί
249 2502 311 2595 τήν
343 2508 472 2576 ἑαυτῶν
498 2504 682 2577 ἀσθένειαν
708 2505 866 2598 οὐδεμιᾶς
896 2504 1009 2589 αὐτοῖς

43 2612 240 2697 ἐπικουρίας
267 2607 357 2697 παρὰ
382 2615 450 2680 τοῖν
476 2608 587 2679 ἀλλων
613 2616 770 2679 Λατίνων
804 2609 1010 2700 ἀφικομένης

43 2710 197 2806 ἀνέῳξαν
218 2708 277 2793 τὰς
290 2712 396 2793 πύλας
416 2714 472 2782 καί
489 2713 720 2802 προελθόντες
734 2720 769 2783 οί
786 2713 1011 2803 πρεσβύτατοι

43 2821 115 2885 τῶν
140 2820 287 2886 πολιτῶν
306 2817 361 2885 καί
382 2815 570 2905 τιμιιότατοι
590 2821 818 2907 παρεδίδοσαν
839 2815 931 2911 αύτῷ
949 2816 1012 2905 τήν
1028 2836 1060 2885 25

45 2918 148 2989 πόλιν
167 2916 337 3002 ἀξιούντες
358 2920 511 3000 ἐπιεικῶς
535 2940 632 3007 σφισι
659 2920 846 3010 χρήσασθαι
872 2922 928 2989 καί
951 2947 1009 3007 με·

45 3029 157 3111 τρίως.
193 3026 241 3114 τῷ
255 3021 293 3091 δέ
312 3020 386 3091 κατ’
404 3019 506 3111 εύχήν
519 3020 556 3092 τό
571 3028 707 3111 πρᾶγμα
727 3023 836 3113 έφάνη
854 3024 911 3090 καὶ
926 3049 1010 3109 παρ-

47 3121 162 3194 ελθόν
183 3132 230 3205 είς
251 3122 288 3193 τδ
309 3141 415 3213 τεῖχος
430 3122 605 3195 ἀπέκτεινε
621 3128 684 3216 μὲν
697 3125 820 3196 ούδένα
838 3131 1010 3214 Κρουστο-

45 3234 211 3317 μερίνων,
235 3224 370 3314 ὀλίγους
389 3228 426 3297 δὲ
447 3228 538 3298 πάνυ
551 3227 629 3330 τούς
641 3237 767 3308 αίτίους
787 3232 843 3316 τής
865 3224 1010 3295 ἀποστά-

46 3352 132 3411 σεως
153 3346 277 3419 φυγαῖς
298 3327 420 3411 ἀιδίοις
441 3334 617 3421 ἐζημίωσε,
638 3348 707 3411 τοῖς
721 3328 755 3400 δ’
772 3329 884 3410 ἄλλοις
907 3327 1010 3398 ἀπασι
1028 3348 1062 3401 30

47 3433 98 3504 τά
118 3436 266 3521 σφέτεροι
292 3434 527 3523 συνεχώρησεν
555 3443 642 3526 ἔχειν
667 3434 723 3502 καὶ
750 3438 807 3521 τῆς
833 3428 1011 3520 Ῥωμαίων

48 3543 217 3617 πολιτείας
235 3539 385 3627 μετέχειν
412 3534 458 3619 ὡς
483 3535 664 3630 πρότερον,
690 3540 751 3605 τοῦ
773 3536 811 3605 δὲ
830 3536 937 3625 μηδὲν
963 3540 1011 3603 ἔτι
