2367 3850
396 105 630 164 -α-
928 63 985 170 ιοτ

36 294 103 336 νων
129 264 232 354 νόμον
260 263 316 335 διά
340 268 523 356 παρθένων
556 266 780 355 ἐνομοθέτησε
813 271 985 354 γίνεσθαι·

36 377 97 458 ἔχει
119 372 162 439 δέ
179 397 273 450 τινας
299 366 440 459 άπορίας
462 370 518 441 καὶ
539 368 576 440 τό
604 367 856 458 φυλαττόμενον
877 373 915 440 ἐν
939 371 986 466 τῷ

36 478 110 566 ἱερῷ
121 482 159 543 τί
171 472 293 562 δήποτέ
304 475 374 543 ἐστι
393 475 450 543 καὶ
464 471 520 543 διὰ
533 479 565 542 τί
578 473 772 562 πρόσκειται
791 475 983 561 παρθένοις.

35 577 117 656 τινὲς
136 577 200 666 μέν
218 566 282 646 οὖν
303 573 407 646 οὐδέν
429 579 492 672 ἔξω
511 580 573 646 τοῦ
600 580 750 666 φανεροῦ
770 575 877 664 πυρὸς
897 575 987 646 εἶναί

36 699 112 767 φασι
124 678 165 749 τὸ
176 678 401 767 τηρούμενον,
427 679 490 769 τὴν
502 679 539 750 δέ
558 677 716 769 φυλακὴν
735 675 841 750 αὐτοῦ
854 681 982 769 παρθέ-
1002 693 1017 744 5

36 811 99 863 νοις
117 780 321 853 άνακείσθαι
333 779 497 874 μᾶλλονῆ
516 780 682 872 άνόράσιν
703 795 831 854 οίονται
851 781 934 853 κατά
947 782 984 852 τό

36 884 134 972 είιάις,
162 882 213 956 ὅτι
232 890 302 973 πάρ
322 886 385 975 μέν
404 883 582 976 άμίαντον,
609 889 778 977 παρθένος
799 882 833 957 δ’
847 884 982 976 άφθιιρ·

36 1018 103 1074 τον,
129 994 178 1082 τῷ
205 986 238 1058 θ’
266 985 436 1084 άγνοτάτφ
462 995 530 1060 τοῖν
555 996 663 1060 θείων
682 987 720 1060 τὸ
745 987 985 1078 καθαρώτατον

35 1098 96 1162 των
107 1097 250 1181 θυητοΞν
262 1101 371 1178 φίλον.
400 1090 511 1186 Ἐστίφ
526 1091 561 1162 θ’
575 1090 776 1164 ἀνακεῖσθαι
794 1090 832 1163 τό
845 1099 914 1182 πῦρ
927 1120 983 1163 νο-

37 1205 200 1284 μίζουσιν,
221 1191 273 1265 ὅτι
285 1201 328 1285 γῆ
340 1223 376 1267 τε
389 1187 474 1267 οὖσα
493 1192 608 1285 ἡθεός
621 1197 677 1267 καὶ
692 1193 751 1266 τὸν
768 1197 870 1285 μέσον
889 1199 982 1268 κατέ·
1003 1211 1035 1262 10

14 1317 132 1388 ιχουσα
145 1303 210 1368 τοῦ
225 1299 352 1389 κόσμου
370 1299 474 1370 τόπου
492 1298 551 1381 τὰς
573 1297 713 1383 άνάψεις
725 1304 786 1369 τοῦ
804 1305 984 1390 μεταρσίου
1014 1298 1017 1303 ’

37 1419 172 1472 ποιεῖται
192 1400 299 1492 πυρός
322 1400 385 1490 εἶφ’
407 1405 536 1493 ἑαυτῆς.
575 1406 639 1474 είσὶ
660 1405 701 1474 δέ
716 1429 806 1484 τινες
828 1410 862 1474 οἵ
880 1424 984 1493 φασιν

14 1587 15 1596 ¹
37 1510 89 1588 ἐξω
108 1511 172 1576 τοῦ
192 1505 300 1596 πυρός
318 1503 489 1598 ἀπόρρητα
508 1522 577 1588 τοῖς
599 1515 734 1587 πολλοῖς
753 1505 827 1594 ίερά
849 1514 987 1577 κεῖσθαί

36 1638 102 1678 τινα
120 1612 160 1679 ἐν
180 1614 230 1703 τῷ
247 1613 378 1698 τεμένει
397 1616 455 1701 της
477 1614 578 1694 θεάς,
607 1600 655 1680 ὧν
676 1614 763 1680 οἵτε
789 1610 984 1699 ἱεροφάνται

37 1711 89 1800 τὴν
111 1717 241 1800 γνῶσιν
262 1721 375 1802 έχουσι
396 1715 453 1784 καὶ
476 1717 514 1783 αί
530 1715 713 1802 παρθένοι,
743 1712 922 1803 τεκμήριον
942 1710 983 1782 οὐ
1002 1730 1033 1780 1⁵

38 1815 148 1904 μικρὸν
170 1816 392 1906 παρεχόμενοι
413 1823 476 1886 τοῦ
495 1815 653 1904 λόγουτὸ
673 1815 806 1905 συμβάν
824 1818 902 1903 περὶ
922 1814 984 1905 τὴν

38 1926 195 2010 ἔμπρησιν
219 1926 282 1991 τοῦ
300 1925 393 2013 ίεροῦ
421 1919 505 1992 κατὰ
532 1919 592 1991 τὸν
619 1918 813 1993 Φοινικικόν
838 1920 984 2010 πόλεμον

39 2022 90 2092 τόν
108 2028 246 2112 πρῶτον
264 2023 432 2095 συστάντα
443 2020 612 2113 Ῥωμαίοις
633 2022 716 2113 πρὸς
732 2032 984 2114 Καρχηδονίους

39 2128 105 2214 περὶ
124 2134 296 2209 Σικελίας.
323 2130 572 2219 ἐμπρησθέντος
595 2124 658 2217 γάρ
673 2131 733 2198 τοῦ
751 2128 908 2217 τεμένους
928 2128 984 2196 καὶ

37 2234 96 2298 τόν
113 2234 299 2320 παρθένων
321 2236 522 2322 φευγουσόν
549 2235 587 2302 ἐκ
605 2235 666 2299 τοῦ
685 2228 790 2320 πυρὸς
809 2235 878 2303 τῶν
896 2236 983 2321 ίερο·
1002 2247 1036 2299 νο

38 2338 170 2419 φανταῖν
189 2362 240 2415 τις
251 2333 394 2416 Λεύκιος
409 2341 582 2415 Καικίλιος
601 2328 837 2423 ὁκαλούμενος
851 2332 982 2403 Μέτελ·

38 2444 85 2516 λος
104 2432 193 2527 ἀνὴρ
205 2434 384 2525 ὑπατικὸς,
412 2435 504 2509 ὁτὸν
522 2433 678 2527 άοίὸιμον
692 2439 728 2507 ἐκ
743 2442 899 2518 Σικελίας
919 2433 984 2507 άπὸ

37 2545 273 2629 Καρχηδονίων
297 2539 496 2631 καταγαγων
521 2537 609 2613 ὀκτώ
641 2541 698 2610 καὶ
723 2538 901 2629 τριάκοντα
928 2541 984 2611 καὶ

39 2641 149 2713 ἑκατὸν
180 2644 374 2734 ἐλεφάντων
399 2651 587 2736 θρίαμβον,
618 2639 791 2735 ὖπεριδάν
815 2649 873 2733 τῆς
896 2650 984 2726 ἰδίας

39 2742 215 2834 ιἰσφαλείας
240 2754 301 2819 τοῦ
324 2755 421 2839 κοινῇ
447 2750 677 2839 συμφέροντος
699 2751 797 2819 ἕνεκα
824 2773 981 2837 παρεκιν·
999 2770 1032 2824 25

41 2849 199 2921 θάνευσεν
219 2859 267 2933 είς
293 2850 333 2922 τά
356 2849 517 2943 καιόμενα
543 2852 727 2942 βιάσασθαι
746 2851 804 2923 καὶ
826 2850 866 2921 τά
885 2880 982 2921 κατα-

13 2961 14 2964 ’
39 2956 217 3042 λειφθέντα
236 2952 303 3027 ὑπό
323 2963 393 3026 τοῖν
412 2958 595 3044 παρθένων
607 2952 757 3049 ἁρπάσας
779 2953 851 3043 ίερά
865 2955 982 3024 διέσπ-

39 3075 92 3125 σεν
114 3060 152 3127 ἐκ
172 3065 234 3129 τοῦ
255 3060 378 3149 πυρός’·
410 3057 465 3149 ἐφ’
491 3051 519 3155 ᾦ
541 3057 637 3149 τιμάς
663 3058 753 3149 παρά
777 3063 835 3148 τῆς
858 3054 984 3137 πόλεως

39 3161 230 3249 ἐξηνέγκατο
248 3162 409 3253 μεγάλας,
436 3160 480 3245 ὡς
499 3160 593 3252 ἡτῆς
614 3162 741 3244 εἰκόνος
754 3157 859 3239 αὐτοῦ
871 3163 928 3247 τῆς
946 3159 985 3227 ἐν

39 3268 241 3361 Καπετωλίῳ
254 3271 434 3359 γενομένης
448 3266 616 3357 ἐπιγραφὴ
634 3278 804 3357 μαρτυρεῖ.
832 3266 928 3331 τοῦτο
943 3260 984 3351 δὴ
1001 3282 1034 3341 ευ

39 3367 193 3454 λαβόντες
211 3336 478 3462 όμολογοάμενον
498 3370 783 3441 ἐπισυνάπτουσιν
798 3361 892 3437 αὐτοὶ
907 3384 980 3433 στο-

12 3471 181 3560 θχασμοός
203 3501 296 3557 τινας
315 3479 366 3547 ίδί
351 3482 484 3595 ίονς,ο
466 3478 501 3545 οί
510 3475 572 3563 μὲν
585 3476 623 3543 ἐκ
637 3500 704 3543 των
723 3475 761 3541 ἐν
773 3466 983 3562 Σαμοθράκῃ

86 3601 162 3641 mon.
180 3605 199 3640 1.
796 3579 833 3640 13
