2367 3850
185 111 247 174 242
553 139 590 154 -·
650 111 782 172 Γ·-

186 272 303 362 στηνεί
325 267 400 341 ἀλλ’
418 267 495 342 οὐδ’
514 276 608 352 έλεος
628 272 815 361 εἰσέρχεταί
829 290 870 340 σε
887 276 958 344 τῶν
976 269 1143 342 ἀπολωλό·

186 401 255 446 των
275 378 470 462 συγγενῶν,
496 371 555 456 οὓς
574 372 745 463 ἀδελφούς
763 374 910 462 έκάλεις,
937 371 1014 444 ἀλλ’
1038 373 1143 462 ὥσπερ

186 476 365 576 ἀγαθόν
343 503 377 545 τι
404 479 694 569 διαπεπραγμένος
720 463 896 565 ἐξέστηκας
923 483 994 547 τάν
1013 483 1143 566 φρενῶν

186 577 253 650 ὑπὸ
266 583 324 668 τῆς
337 555 460 668 ἡδονῆς
473 582 530 649 καί
544 578 732 668 στεφάνους
749 582 805 650 έπί
817 588 887 660 τοῖς
899 580 1067 660 τοιούτοις
1079 583 1142 649 gat-

152 699 295 753 υκεισαι
314 699 429 762 κακοῖς
457 689 550 762 τίνος
570 687 657 770 ἔχων
677 679 791 771 ψυχὴν
816 689 960 773 θηρίον;
995 680 1142 761 κάκεῖνος

185 781 386 872 ύπολαβοδν,
415 790 618 869 Φιλούντος,
645 790 730 872 ἔφη,
755 783 819 874 τῆν
837 791 985 873 πατρίδα
1011 793 1142 854 πολίτου

186 891 242 958 καί
256 885 333 966 τούς
346 893 457 968 κακῶς
467 885 553 988 αὐτη
541 889 793 976 βουλομένους
806 888 1059 974 κολάζοντος,’
1042 887 1102 956 εάν
1113 915 1142 956 τε

186 987 363 1077 ἀλλότριοι
368 989 517 1076 τύχωσιν
530 986 634 1078 αύτῆς
647 987 758 1074 ὄντες,
773 989 833 1058 ἐάν
845 1017 881 1060 τε
894 997 1029 1060 οίκεῖοι·
1051 993 1090 1060 ἐν
1100 986 1142 1069 οἷς

187 1098 323 1179 τίθεμαι
336 1093 393 1162 καὶ
406 1090 498 1177 σὲ,“
476 1119 549 1180 ητις
562 1093 613 1161 ἑνί
626 1095 733 1186 καιρῷ
746 1090 788 1160 τά
800 1095 939 1180 μέγιστα
953 1089 1098 1180 ἀγαθάν
1113 1119 1143 1159 τε

137 1213 169 1262 10
187 1197 242 1265 καί
256 1199 372 1264 κακῶν
385 1193 619 1283 συμβεβηκότα
636 1191 718 1283 ῆμῖν
731 1193 966 1281 έπιγνούσα’
926 1223 989 1284 την
1001 1221 1040 1264 τε
1052 1203 1177 1282 νίκηνιῖ

186 1303 243 1386 τῆς
258 1302 432 1386 πατρίδος,
447 1293 517 1386 ῆνό
531 1295 588 1377 σδς
601 1293 748 1385 ἀδελφὸς
757 1295 825 1384 έγά
833 1296 969 1386 πάρειμι
982 1298 1144 1386 κατάγων,

187 1402 242 1470 καί
256 1397 315 1468 τόν
333 1398 485 1470 θάνατον
497 1406 567 1470 τοῖν
579 1396 743 1520 ἀδελφεόν
763 1396 827 1469 ούκ
840 1403 895 1470 ἐπὶ
907 1415 977 1480 τοῖς
995 1397 1144 1487 ἀγαθοῖς,

187 1494 215 1570 6
230 1498 332 1591 μιαρά
344 1500 398 1590 σύ,
412 1515 481 1583 τοῖς
494 1515 622 1581 κοινοῖς
634 1507 693 1591 τῆς
704 1506 863 1593 πατρίδος
872 1500 1055 1591 χαίρεις”
1010 1530 1073 1572 ουτ
1079 1499 1145 1572 ’ἐπί

186 1621 259 1686 ταῖς
285 1621 475 1694 συμφοραῖς
494 1619 566 1684 ταῖς
585 1609 747 1684 ἰδίαις
706 1633 765 1693 της
785 1611 892 1686 οἰκίας
917 1603 1049 1694 ἀλγεῖς,
1071 1602 1141 1674 ἀλλ’
1175 1634 1176 1709 χ

137 1727 169 1778 15
187 1703 453 1798 ὑπεριδοῦσα
408 1735 476 1777 των
489 1713 631 1833 σεαυτῆς
642 1705 848 1795 ἀδελφῶν
814 1735 875 1776 τον
887 1713 948 1778 τοῦ
961 1713 1145 1797 μνηστῆρος
1174 1714 1177 1791 Ι

186 1808 378 1889 ἀνακλαίεις
392 1810 514 1937 μόρον,
530 1806 612 1880 οὐδ’
626 1805 694 1880 ὑπὸ
707 1815 769 1879 τού
781 1809 922 1890 σκότους
934 1807 1143 1900 ἀποφθαρεῖ-
1175 1794 1177 1891 ί

187 1911 230 1983 σά
244 1936 310 1982 που
322 1911 406 1982 κατὰ
419 1911 541 2039 μόνας,
555 1909 631 1983 ἀλλ’
642 1915 680 1983 έν
691 1930 760 1995 τοῖς
773 1909 933 1985 ἀπάντων
946 1911 1144 2005 ὀφθαλμοῖς,

187 2009 260 2085 καί
257 2042 313 2104 μοι
326 2014 389 2104 τῆν
407 2012 532 2106 ἀρετὴν
545 2018 602 2087 καί
615 2013 695 2097 τούς
712 2016 901 2105 στεφάνους
915 2009 1145 2104 όνειδίζεις,ά

187 2118 446 2209 ψευδοπάρθενε
463 2121 520 2189 καί
533 2118 722 2209 μισάδελφε
742 2122 798 2189 καί
811 2118 991 2202 ἀναξία
941 2147 1012 2190 των
1026 2121 1175 2256 προγό

136 2241 169 2291 ιο
186 2248 268 2292 νων.
294 2219 421 2347 έπειδῆ
438 2230 554 2293 τοίνυν
568 2220 610 2293 ού
623 2220 702 2303 τούς
720 2219 890 2310 ἀδελφούς
908 2234 1045 2310 ποθεῖς,
1066 2203 1175 2293 ἀλλά
1174 2275 1175 2318 ,

186 2322 264 2451 τρύς
283 2320 459 2411 ἀνεψιούς,
474 2326 530 2393 καί
551 2352 588 2395 το
578 2324 665 2414 μέν
678 2329 773 2413 σῶμα
792 2327 830 2395 ἐν
849 2340 918 2405 τοῖς
939 2330 1042 2410 ζῶσιν,
1054 2331 1175 2415 ἔχεις,

186 2424 248 2516 τῆν
263 2427 299 2496 δὲ
312 2425 424 2516 υνχῆν
438 2425 528 2515 παρά
541 2434 589 2521 τῷ
601 2432 728 2522 νεκρῷ,
742 2424 843 2497 άπιθι
860 2425 944 2517 πρός
957 2425 1129 2499 ἐκεῖνον
1111 2457 1146 2497 ον

186 2526 339 2620 ἀνακαλῆ
365 2532 421 2599 καί
447 2529 529 2658 μῆτε
555 2530 615 2601 τδν
631 2532 758 2617 πατέρα
777 2529 860 2619 μῆτε
879 2528 959 2619 τούς
971 2528 1146 2622 ἀδελφούς
1173 2551 1174 2600 ι

186 2639 398 2719 καταίσχυνε.
429 2638 512 2706 ταῦτ
516 2629 649 2704 ἐἰπάν
669 2630 732 2703 ούκ
745 2633 912 2720 ἐφύλαξεν
930 2636 969 2703 έν
987 2640 1035 2726 τῷ
1051 2654 1174 2724 μισο·

186 2802 343 2923 πλευράν
358 2833 459 2925 αὐτῆς
476 2865 513 2907 το
501 2786 637 2926 ξίφος,
652 2835 852 2919 ἀποκτείνας
870 2840 907 2909 δέ
920 2830 1158 2927 τῆνάδελφῆν

186 2942 298 3027 παρῆν
317 2934 363 3019 ὦς
382 2937 442 3008 τόν
461 2944 596 3030 πατέρα.
630 2938 718 3011 οὕτω
733 2938 813 3011 w
790 2969 857 3029 αροι
870 2940 1081 3031 μισοπόνηρα
1094 2944 1146 3009 καί

185 3037 373 3130 αὐθάδη
336 3068 376 3111 τα
386 3046 454 3112 τῶν
468 3041 542 3113 τότε
552 3040 722 3133 Ρωμαίων
733 3041 804 3171 ῆθη
817 3044 874 3114 καί
887 3044 1089 3134 φρονήματα
1107 3019 1173 3169 ῆνί

185 3146 258 3229 καί,
276 3154 310 3213 εί
327 3172 376 3225 τις
389 3142 475 3215 αύτά
489 3146 645 3234 βούλοιτο
658 3146 748 3236 παρά
765 3146 806 3217 τά
819 3148 885 3218 νύν
900 3153 984 3237 ἔργα
998 3150 1056 3217 καί
1070 3175 1144 3228 τοις
1157 3157 1174 3220 λ

134 3268 168 3319 30
186 3243 275 3333 έφ’“
258 3252 353 3335 ημῶν
369 3246 529 3331 ἐξετάζειν
550 3247 708 3336 βίονς,’
684 3247 758 3338 ωμά
779 3252 837 3319 καί
859 3249 989 3375 σκληρά
1014 3253 1072 3322 καὶ
1094 3257 1173 3340 τῆς

184 3348 437 3437 θηριύδους’
399 3377 440 3419 ου
460 3349 547 3419 πολύ
568 3351 732 3437 ἀπέχοντα
752 3352 903 3441 φύσεως,
932 3351 1017 3424 ὥστε
1037 3355 1145 3435 πάθος

184 3446 271 3519 οὕτω
293 3450 443 3521 δεινὸν
428 3479 447 3521 ο
469 3451 577 3543 πατὴρ
598 3450 742 3537 ἀκούσας
762 3452 825 3544 ούχ
843 3453 939 3537 ὅπως
954 3454 1142 3547 ῆγανάκτη
