2367 3850
186 109 250 172 244
552 135 605 149 --
656 107 787 170 Γ-

188 268 388 359 ἀμφοτέρων
410 273 478 338 τόν
498 267 631 340 πόλεων
650 269 692 339 τά
714 267 875 358 κράτιστα
894 271 953 340 καί
966 267 1145 394 συμφορά-

189 401 271 443 τατα
284 372 566 462 συμβουλεύσων,
581 371 682 442 καί
650 400 710 443 τον
723 371 868 461 ἄρχοντά
882 400 918 442 τε
931 370 1047 441 αύτων
1062 381 1166 447 Φου-
1176 386 1177 399 ¹

190 479 327 565 φέττιον
340 476 394 546 έπί
413 481 471 564 τῆς
484 472 586 564 αὐτῆς
597 470 702 564 ἀρχῆς
717 474 896 563 κατασχόν
906 473 989 544 ἀλλο
1002 502 1039 544 τε
1050 470 1178 544 ούδενδ

190 584 260 649 τοῖν
278 585 459 650 πολιτικόν
479 579 777 668 μεθαρμοσάμενος
803 576 885 650 οὐδὲ
906 578 1047 666 κινήσας
1066 575 1144 666 ἀπῆ-

156 698 251 771 σγεν
278 678 331 754 ἐπ’
360 691 456 751 οίκου
480 681 543 771 τὴν
567 682 722 771 δύναμιν.
760 680 984 769 καταγαγόντι
1004 681 1043 750 δε
1062 679 1146 774 αὐτῷ

191 782 251 855 τὸν
278 785 493 871 ψηφισθέντα
519 781 585 854 ὑπό
613 789 670 873 τῆς
696 791 821 875 βουλῆς
835 791 1017 873 ’θρίαμβον
1036 783 1146 853 καὶτὰ

192 884 345 958 πολιτικὰ
362 885 521 974 πράττειν
543 885 717 979 ἀρξαμένῳ
736 891 976 976 προσέρχονται
994 891 1065 956 τῶν
1091 913 1145 956 πο·
1177 888 1179 981 6

192 995 295 1061 λιτῶν
308 987 430 1077 ἀνδρες
444 987 506 1059 ούκ
524 987 668 1076 ἀφανεῖς
681 987 743 1059 τόν
758 986 912 1077 Ὁράτιον
924 988 1065 1076 ἀγοντες
1085 986 1145 1058 ύπό

193 1097 310 1180 δίκην,
334 1087 377 1172 ιδς
391 1089 432 1161 ού
446 1091 600 1181 καθαρὸν
612 1099 751 1181 αἵματος
770 1097 938 1181 ἐμφυλίου
951 1090 1008 1161 διά
1022 1090 1085 1162 τόν
1098 1097 1147 1180 τῆς

142 1211 176 1262 10
191 1192 340 1283 ἀδελφῆς
354 1193 478 1281 φόνον·
507 1198 564 1264 καί
579 1193 803 1275 καταστάντες
818 1192 950 1284 μακράν
972 1197 1147 1284 διεξῆλθον

192 1302 400 1386 δημηγορίαν
418 1296 496 1377 τούς
509 1297 633 1384 νόμους
646 1298 868 1386 παρεχόμενοι
881 1294 959 1377 τούς
979 1294 1044 1367 οάκ
1065 1300 1145 1366 666-

191 1427 250 1479 τας
272 1397 409 1486 άκριτου
436 1397 649 1470 ἀποκτείνειν
668 1399 798 1471 οὐθένα
824 1402 882 1470 καὶ
907 1397 949 1469 τά
969 1398 1063 1489 παρά
1086 1404 1147 1468 τάν

191 1506 286 1571 θεάν
301 1497 460 1572 ἁπάντων
473 1509 641 1591 μηνίματα
656 1519 729 1584 ταῖς
740 1502 786 1593 μὴ
805 1501 1021 1587 κολαζούσαις
1034 1501 1147 1574 πόλεσι

192 1601 270 1684 τούς
284 1606 414 1691 ἐναγεῖς
429 1605 617 1688 διεξιόντες.
651 1602 670 1676 6
684 1606 722 1676 δὲ
737 1603 845 1694 πατὴρ
864 1601 1061 1692 ἀπελογεῖτο
1075 1606 1147 1694 περὶ

141 1725 173 1777 15
191 1711 252 1778 τοῦ
263 1714 439 1796 μειρακίου
452 1713 648 1798 κατηγορεῖν
661 1714 721 1798 τῆς
733 1705 904 1797 θυγατρός
916 1709 974 1778 καί
986 1716 1147 1797 τιμωρίαν

191 1807 233 1878 ού
249 1808 357 1896 φόνον
380 1811 465 1880 εἶναι
479 1810 516 1880 τό
531 1812 686 1900 πραχθὲν
699 1815 808 1900 λέγων
822 1809 983 1900 δικαστὴν
996 1839 1033 1881 τε
1044 1807 1146 1889 αὑτόν

192 1909 295 2007 ἀξιεῖν
319 1911 487 1983 εἶναιτῶν
503 1921 602 1987 ἰδίων
618 1920 734 1985 κακοῖν
753 1911 956 2004 ἀμφοτέραν
967 1912 1146 2003 γενόμενον
1178 1939 1179 2040 χ

155 2014 326 2099 πατέρα.
359 2024 494 2104 σνχνοιν
514 2019 552 2087 δ
573 2017 684 2105 λόγων
703 2013 918 2108 ῥηθέντων
899 2015 962 2105 υφ’
984 2020 1179 2106 ἑκατέραν

190 2115 296 2205 πολλὴ
314 2115 525 2207 τὸνβασιλέα
538 2135 692 2207 κατεῖχεν
711 2118 899 2245 ἀμηχανία,
922 2146 954 2190 τι
949 2123 1061 2200 ’τέλος
1082 2125 1179 2230 6666

140 2238 174 2291 20
190 2221 293 2307 νέγκη
326 2222 402 2309 περὶ
422 2227 481 2309 τῆς
503 2228 606 2311 δίκης.
643 2220 800 2311 οὔτεγὰρ
818 2220 983 2292 ἀπολῦσαι
1003 2229 1066 2291 τοῦ
1087 2199 1179 2345 φόζλ

189 2348 254 2392 νου
275 2320 334 2391 τόν
352 2319 581 2410 ὁμολογοῦντα
600 2353 661 2413 την
681 2321 835 2415 ἀδελφὴν
858 2321 1065 2415 ἀνῃρηκέναι
1086 2322 1145 2413 πρὸ

192 2429 286 2512 δίκης
307 2426 363 2494 καὶ
383 2430 488 2496 ταῦτα
509 2424 565 2515 ἐφ’
581 2423 693 2507 οἷς’
652 2454 695 2495 ου
707 2426 922 2515 συνεχώρουν
938 2424 1179 2499 ἀποκτείνειν

189 2531 225 2596 oc
247 2525 344 2614 νόμοι
379 2534 490 2609 καλοῖς
521 2535 612 2617 ἔχειν
636 2526 943 2618 ύπελάμβανεν,“
927 2558 985 2599 ινα
1017 2529 1063 2620 μὴ
1089 2511 1180 2618 τηνεί

190 2624 277 2715 ἀράν
296 2632 354 2698 καὶ
379 2628 417 2699 τὸ
432 2630 511 2720 ἀγος
532 2629 679 2702 ἀπὸτοῦ
698 2632 899 2719 δεδρακότος
920 2639 967 2713 είς
980 2631 1041 2702 τόν
1061 2639 1147 2703 ίδιον

140 2744 173 2797 25
191 2727 285 2799 οἶκον
306 2734 548 2821 εἰσενέγκηται,
587 2731 666 2803 οὔτε
687 2732 731 2815 ἀς
752 2733 968 2823 ἀνδροφόνον
993 2732 1143 2807 ἀποκτεῖ-

190 2860 248 2903 ναι
269 2829 328 2900 τόν
349 2828 435 2921 ὑπὲρ
455 2841 512 2923 τῆς
535 2843 696 2925 πατρίδος
719 2836 878 2926 ἑλόμενον
901 2844 1143 2928 προκινδυνεύ·

190 2954 248 3003 σαι
270 2936 327 3004 καὶ
340 2936 503 3025 τοσαύτης
517 2934 602 3027 αύτη
587 2944 817 3021 δυναστείας
836 2939 1020 3028 γενόμενον
1040 2950 1145 3010 αι’τιον

190 3033 299 3118 ἄλλως
319 3064 354 3106 τε
375 3041 431 3107 καί
453 3045 514 3109 τού
527 3041 651 3131 πατρὸς
669 3039 875 3122 ἀπολύοντος
894 3039 1000 3112 αὐτόν
1017 3047 1077 3129 τῆς
1095 3049 1144 3111 αί-
1177 3021 1179 3052 ⁴

140 3258 174 3309 εο
191 3210 354 3311 ἀπεδίδόυ
365 3243 487 3337 πράτῳ
501 3247 558 3314 καὶ
571 3242 709 3335 ὁνόμος.
729 3242 960 3337 ἀπορούμενος
974 3247 1057 3319 δέ’
1021 3276 1053 3317 τι
1067 3247 1141 3335 χρύ-

192 3360 285 3411 σεται
313 3343 383 3423 τοῖς
417 3346 586 3471 πράγμασι
620 3356 788 3420 τελευτάν
821 3352 944 3438 διέγνω
971 3350 1143 3441 κράτιστον

193 3441 278 3511 εἶναι
297 3472 344 3535 τςο
332 3446 516 3541 δήμῳ
482 3476 543 3539 την
564 3448 751 3537 διάγνωσιν
770 3455 970 3542 ἐπιτρέπειν.
1009 3452 1141 3542 γενόμε·
