2367 3850
424 141 659 204 -Γ-
952 143 1014 206 247

42 312 209 374 πλείστου
229 302 266 374 δὲ
280 303 337 373 καί
350 302 528 392 κράτιστον
541 300 758 394 ἐπικουρικόν
775 303 814 374 ἐκ
826 307 885 392 τῆς
895 301 1012 393 Ἀλβα-

42 410 122 475 νεῖν
140 405 270 486 πόλεως
291 408 433 488 Μέττιος
454 409 661 496 Φουφέττιος
680 397 765 495 ἧκεν
784 404 878 494 ἔχων
897 403 1013 488 ὅπλοις

14 532 23 580 ι
42 510 302 598 κεκοσμημένον
321 511 539 600 ἐκπρεπέσιν,
567 507 652 580 ὥστε
672 504 802 589 άπάσας
822 505 1010 598 ὑπερβαλέ-

40 623 131 682 σθαι
150 610 210 692 τάς
229 610 438 701 συμμαχικὰς
462 610 631 700 δυνάμεις.
666 608 771 700 όμέν
795 603 860 682 οὖν
886 611 1011 694 Ῥύλλος

41 711 89 795 ὦς
109 717 149 784 ἐκ
177 722 368 804 προθυμίας
385 743 422 785 τε
441 715 498 786 καὶ
521 712 587 786 άπὸ
611 712 737 794 παντὸς
754 720 816 785 τού
835 720 1011 803 βελτίστου
1027 729 1045 780 σ

39 834 228 888 κοινωνεῖν
241 817 409 904 ἐγνωκότα
422 823 484 887 τού
497 821 644 907 πολέμου
656 815 718 886 τόν
730 820 880 888 Μέττιον
893 815 1011 907 ἐπῄνει

39 922 100 990 καὶ
115 918 255 990 πάντων
269 924 411 990 ἐποιεῖτο
425 925 493 990 τεόν
511 919 754 1008 βουλευμάτων
766 927 964 1010 συνίστορα·
992 917 1011 991 ὁ

40 1023 80 1093 δὲ
94 1019 185 1110 ἀνὴρ
201 1012 299 1104 οὗτος
312 1025 350 1093 ἐν
362 1028 484 1104 αἰτίαις
500 1021 590 1112 παρά
602 1036 672 1103 τοῖς
685 1028 836 1103 πολίταις
848 1018 1011 1112 ὑπάρχων

40 1122 87 1207 ὦς
108 1131 222 1206 κακοῖς
237 1124 488 1214 ἐστρατηγηκύς
505 1124 565 1196 τὸν
586 1125 734 1215 πόλεμον
751 1126 810 1194 καὶ
826 1123 868 1216 δὴ
884 1129 941 1196 καὶ
962 1131 1011 1206 είς

41 1233 233 1316 προδοσίαν
248 1227 526 1318 διαβαλλόμενος,
542 1227 659 1317 ἐπειδὴ
673 1235 787 1319 τρίτον
800 1235 872 1312 ἔτος
884 1229 940 1298 ἐπλ
952 1234 1010 1318 τῆς
1028 1244 1061 1300 10,

42 1329 290 1420 αὐτοκράτορος
306 1329 408 1421 ἀρχῆς
424 1332 556 1418 διέμενε
569 1328 701 1402 Τύλλου
714 1333 935 1412 κελεύσαντος
946 1328 1010 1402 ούκ

41 1433 149 1518 άξιιάν
171 1429 277 1522 άρχήυ
297 1440 387 1522 ἐχειν
402 1435 514 1523 ἐτέρας
533 1433 636 1524 ἀρχῆς
654 1430 805 1523 ὑπήκοον
826 1432 906 1504 ούδέ
925 1430 1009 1504 ύπο-

42 1537 234 1608 τάττεσθαι
249 1541 377 1624 μάλλον
398 1531 420 1626 ἢ
441 1535 504 1608 οὐκ
524 1535 625 1618 αύτός
645 1534 802 1627 ἡγεῖσθαι
820 1536 958 1626 πρᾶγμά
977 1566 1010 1606 τι
1091 1547 1102 1563 ²

41 1638 293 1728 ἐπεβούλευσεν
306 1637 451 1710 άνόσιον.
484 1640 835 1732 διαπρεσβευσάμενος
847 1635 912 1729 γάρ
925 1639 1009 1728 κρύ·

42 1771 93 1830 φα
105 1741 188 1830 πρὸς
197 1739 457 1832 τούςῬωμαίων
468 1751 648 1834 πολεμίους
658 1747 858 1825 ἐνδοιαστῶς
867 1748 917 1812 ἐτι
927 1740 1010 1833 πρός
1028 1763 1059 1814 15

41 1843 107 1936 τὴν
117 1843 300 1916 ἀπόστασιν
308 1851 442 1935 ἔχοντας
451 1850 574 1937 ἐπῆρεν
582 1844 705 1928 αύτούς
714 1843 760 1935 μὴ
767 1861 954 1933 κατοκνεῖν,
966 1841 1011 1927 ὥς

41 1947 146 2029 αὐτὸς
154 1947 466 2039 συνεπιθησόμενοέ
470 1958 636 2039 Ρωμαίοις
643 1954 734 2044 ἐντῷ
741 1946 858 2038 άχύνι,
865 1952 1008 2020 καὶταύ-

42 2080 83 2122 τα
104 2052 261 2141 πράττων
278 2080 315 2123 τε
334 2055 391 2123 καλ
406 2052 645 2141 διανοούμενος
663 2050 813 2133 ἅπαντας
831 2053 1008 2123 ἐλάνθανε.

47 2155 178 2235 Τύλλος
186 2153 218 2224 δ’
230 2154 346 2244 ἐπειδὴ
354 2156 627 2245 παρεσκευάσατο
636 2157 698 2245 τήν
709 2152 735 2225 τ’
743 2160 872 2225 οίκείαν
881 2157 937 2225 καὶ
947 2151 1010 2242 τὴν

8 2272 27 2323 '3
43 2255 259 2347 συμμαχικὴν
265 2257 411 2348 δύναμιν
419 2261 536 2347 ἐξῆγεν
542 2257 682 2340 ἐπὶτούς
688 2264 864 2347 πολεμίους
872 2259 929 2326 καὶ
938 2261 1008 2325 δια·
1025 2276 1060 2330 20

42 2357 107 2449 βάς
118 2358 179 2429 τὸν
187 2358 321 2448 Ἀνίητα
332 2360 482 2450 ποταμὸν
490 2357 531 2431 ού
543 2359 677 2450 μακράν
685 2366 744 2450 τῆς
753 2358 903 2448 Φιδήνης
909 2384 1006 2450 κατε-

42 2464 344 2551 στρατοπέδευσεν.
380 2460 492 2552 εύριόν
506 2464 544 2533 δέ
558 2462 623 2553 πρὸ
637 2468 696 2552 τῆς
708 2462 835 2542 πόλεως
849 2459 1010 2550 στρατιάν

43 2567 290 2654 ἐκτεταγμένην
310 2564 437 2654 πολλὴν
455 2563 569 2637 αύτοῖν
592 2594 628 2635 τε
649 2572 845 2654 Φιδηναίων
863 2567 920 2635 καλ
939 2567 1009 2633 τοῖν

43 2667 312 2758 συμμαχούντων
325 2664 439 2749 αύτοίς
459 2671 593 2757 ἐκείνην
616 2668 679 2756 μέν
697 2668 759 2758 τὴν
779 2664 908 2757 ἡμέραν
923 2662 1006 2756 ἡσυ-

43 2778 123 2859 χίαν
141 2776 233 2859 ἔσχε,
248 2777 289 2860 τῇ
305 2768 341 2840 δ’
350 2774 422 2859 ἑξῆς
437 2773 649 2860 Φουφέττιόν
663 2798 699 2841 τε
712 2770 1009 2860 μεταπεμψάμενος
1026 2784 1060 2834 25

43 2873 104 2945 τόν
116 2870 280 2962 Ἀλβανὸν
291 2874 349 2945 καλ
362 2878 430 2943 των
443 2871 556 2943 ἄλλων
569 2881 682 2961 φίλων
693 2871 772 2954 τούς
792 2870 1010 2961 άναγκαιοτά·

43 3004 124 3057 τους
144 2975 278 3047 ἐσκόπει
296 2974 368 3066 μετ’
386 2978 527 3047 ἐκείνων
544 2983 621 3048 τίνα
634 2980 796 3066 χρηστέον
815 2986 865 3063 εἴη
879 2979 1008 3073 τῷπο-

43 3082 135 3173 λέμςο
148 3078 275 3167 τρόπον
293 3081 349 3149 καὶ
362 3078 478 3168 ἐπειδὴ
493 3083 598 3150 πᾶσιν
616 3085 710 3165 ἐδοξε
723 3078 832 3170 μάχην
849 3082 1010 3145 τίθεσθαι

46 3183 233 3269 διαταχέων
246 3183 303 3252 καλ
319 3180 365 3271 μὴ
378 3189 508 3272 τρίβειν
521 3180 581 3253 τὸν
592 3182 733 3271 χρόνον,
751 3178 866 3268 χύραν
877 3177 936 3247 καλ
949 3177 1007 3247 τά·

45 3288 116 3371 ξεν,
137 3281 181 3373 ἣν
199 3287 336 3365 ἕκαστος
358 3292 496 3372 ἔμελλεν
516 3288 621 3371 ἕξειν,
636 3280 807 3371 προειπύν
824 3276 951 3369 ἡμέραν
973 3306 1009 3349 τε
1026 3296 1061 3349 30

47 3384 163 3475 ὁρίσας
179 3392 237 3476 τῆς
256 3386 361 3475 μάχης
373 3384 437 3474 την
448 3385 591 3456 κατόπιν
613 3388 746 3455 διέλυσε
759 3381 820 3454 τόν
832 3382 1008 3469 σύλλογον.

47 3486 119 3563 ὁδε
137 3488 298 3579 Ἀλβανὸς
312 3490 520 3578 Φουφέττιος
541 3480 598 3575 (ἦν
610 3486 675 3576 γάρ
692 3484 734 3576 δὴ
747 3491 797 3555 ἐτι
810 3482 932 3573 ἄδηλος
953 3484 1009 3553 καί
