2367 3850
415 120 642 189 -A-
947 128 1007 191 103

49 290 135 361 οίκον
152 291 218 379 τῆς
230 286 383 379 Ἀμολίου
395 294 602 379 παρανομίας
614 286 826 361 κίνδυνόντε
838 285 898 367 τόν
909 295 1006 383 έσηα-

48 420 101 463 τον
114 390 206 481 ὑπὲρ
227 398 297 463 τάν
309 399 475 481 μεγίστων
491 388 611 465 άθλων
630 386 832 479 ἀναρρῖψαι,
847 387 1006 481 πράττειν

46 498 79 567 δὲ
91 494 176 584 μετά
190 502 257 565 τοῦ
267 495 514 586 μητροπάτορος
525 491 546 567 ὅ
557 524 590 567 τι
602 489 647 565 άν
660 497 778 590 έκείνςο
791 498 885 584 δοκῇ.

113 599 269 669 LXXXI.
285 596 341 680 Ὡς
355 600 393 671 δὲ
411 604 516 670 ταῦτα
534 598 693 687 κράτιστα
713 597 801 669 εἶναι
813 602 907 683 έδοξε
919 618 1002 688 συγ-

43 706 183 783 καλέσας
203 701 283 784 τούς
299 704 453 793 κωμήτας
471 699 622 783 ἅπαντας
634 697 826 792 ὁῬωμύλος
845 703 901 771 καὶ
925 708 1037 792 δεη-σ

43 806 113 889 θείς
132 812 184 887 είς
204 805 269 897 τὴν
284 803 413 895 ’Ἄλβαν
432 808 628 895 ἐπείγεσθαι
651 808 835 894 διαταχέων
852 803 899 895 μὴ
919 805 1003 877 κατά

44 906 95 989 τάς
108 905 218 991 αύτάς
231 909 336 991 πύλας
349 907 499 991 ἅπαντας
513 905 592 999 μηδ’
601 905 749 999 άθρόους
761 906 939 997 εἰσιόντας,
956 910 1013 999 μήΙ

44 1039 88 1092 τις
99 1008 249 1104 ὑπόνοια
268 1010 351 1102 πρὸς
366 1010 446 1095 τούς
465 1014 502 1083 έν
515 1017 556 1102 τῇ
570 1011 666 1083 πόλει
682 1015 838 1102 γένηται,
853 1015 1002 1102 καὶπερὶ

43 1112 100 1204 τὴν
112 1113 248 1206 άγορὰν
265 1110 495 1205 ὑπομένοντας
513 1116 665 1204 ἑτοίμους
679 1115 767 1188 εἶναι
782 1119 869 1205 δρᾶν
887 1113 925 1189 τό
943 1143 1000 1187 κε·

24 1215 245 1308 )λευόμενον,
265 1216 367 1310 άπῄει
383 1224 512 1310 πρῶτος
534 1224 582 1300 είς
600 1215 662 1308 την
683 1216 792 1291 πόλιν.
832 1222 869 1288 οί
884 1218 923 1289 δὲ
941 1217 1002 1291 τόν
1019 1235 1053 1287 10

40 1316 160 1412 Ῥῶμον
180 1320 321 1411 ἄγοντες
340 1320 458 1413 ἐπειδὴ
480 1324 687 1411 κατέστησαν
706 1329 754 1403 είς
774 1319 833 1393 τόν
850 1324 1001 1410 βασιλέα,

45 1426 97 1506 τάς
120 1454 157 1499 τε
177 1424 299 1515 ύβρεις
316 1421 465 1515 ἁπάσας,
481 1420 561 1507 ὅσας
586 1417 674 1515 ἦσαν
698 1421 894 1516 ὑβρισμένοι
918 1424 1001 1515 πρὸς

45 1533 106 1597 των
135 1536 343 1617 μειρακίων,
374 1525 585 1620 κατηγόρουν
615 1529 674 1599 καί
694 1526 774 1609 τούς
797 1536 1002 1619 τραυματίας

46 1636 136 1719 σφῶν
167 1635 415 1703 ἐπεδείκνυσαν
449 1637 610 1723 τιμωρίας
634 1659 672 1703 τε
696 1637 730 1703 εί
759 1628 805 1722 μη
829 1631 1000 1716 τεύξονται

46 1740 257 1819 καταλείψειν
278 1738 498 1825 προλέγοντες
516 1734 557 1806 τὰ
572 1734 775 1825 βουφόρβια,
798 1731 948 1825 Ἀμδλιος
960 1733 999 1805 δδ
1016 1750 1050 1805 1ο

47 1854 108 1919 τοῖς
119 1846 278 1931 χωρίταις
290 1837 509 1929 κατάπληθος
520 1836 702 1930 ἐληλυθόσι
710 1844 903 1929 χαρίζεσθαι
916 1845 998 1928 βου·

47 1941 177 2032 λόμενος
212 1945 268 2016 καὶ
300 1949 347 2038 τῷ
376 1945 543 2032 Νεμέτορι
574 1947 589 2028 (
596 1941 715 2032 παρεόν
742 1940 807 2032 γάρ
831 1941 999 2032 έτύγηανε

48 2051 307 2134 συναγανακτῶν
332 2060 401 2127 τοῖς
427 2045 599 2132 πελάταις)
626 2045 765 2136 είρηνην
785 2073 821 2116 τε
846 2042 912 2115 άνά
937 2043 1000 2133 τὴν

47 2148 150 2237 χάραν
168 2148 328 2220 σπεύδων
352 2147 439 2230 εἶναι
458 2151 515 2220 καί
533 2145 602 2238 ἅμα
620 2147 659 2222 τό
677 2147 828 2230 αὔθαδες
845 2153 907 2218 τού
924 2173 998 2238 μει·

47 2259 177 2339 ραιίου,
206 2248 251 2333 άς
277 2249 531 2342 ἀκατάπληκτον
556 2243 600 2343 ἦν
628 2255 667 2324 έν
692 2267 761 2332 τοῖς
788 2252 916 2340 λόγοις,
949 2247 995 2320 δι’.
1015 2267 1051 2322 νυ

47 2349 185 2437 ὑποψίας
200 2355 382 2446 λαμβάνων
400 2362 662 2444 καταψηφίζεται
673 2353 737 2450 την
753 2359 867 2444 δίκην·
889 2359 947 2444 τῆς
960 2353 999 2426 δδ

46 2464 197 2547 τιμωρίας
205 2455 265 2529 τόν
275 2460 446 2548 Νεμέτορα
455 2472 545 2530 ποιεῖ
553 2458 672 2548 κύριον
681 2454 798 2544 εἰπάν,
807 2453 852 2539 άς
860 2461 906 2550 τῷ
917 2455 998 2546 δρά-

48 2579 134 2630 σοντι
155 2560 253 2632 δεινά
272 2561 310 2633 τὸ
323 2559 525 2633 ἀντιπαθεῖν
543 2559 585 2632 οὐ
598 2559 681 2653 πρὸς
694 2557 798 2631 ἄλλου
810 2558 901 2641 τινός
912 2566 996 2650 μάλ·
1047 2635 1052 2645 ,

48 2671 100 2732 λον
116 2660 138 2754 ἢ
155 2669 217 2736 τού
230 2653 437 2746 πεπονθότος
452 2661 630 2752 ὀφείλεται.
661 2666 700 2735 έν
720 2660 789 2757 όσηι
801 2661 837 2734 δ’
851 2659 997 2755 όῬωμος

48 2761 106 2838 ὑπό
129 2774 200 2839 τῶν
222 2775 282 2840 τοῦ
301 2769 490 2857 Νεμέτορος
505 2761 683 2856 βουκόλων
700 2764 799 2857 ἤγετο
821 2773 998 2857 δεδεμένος
1013 2787 1047 2840 ῖῖ
1104 2831 1108 2846 .

48 2867 196 2942 τεόπίσω
214 2869 260 2940 τά
279 2885 369 2962 χεῖρε
387 2873 445 2942 καί
468 2867 551 2960 πρὸς
571 2875 640 2942 τοῖν
659 2868 996 2960 άγόντωνέπικερτο-
1059 2954 1062 2959 ¹

24 2991 36 3040 1
50 2973 222 3064 μούμενος,
247 2970 448 3046 άκοίονθάν
474 2968 493 3044 δ
512 2976 676 3064 Νεμέτωρ
698 2978 768 3050 τοῦ,
786 3001 822 3045 τε
848 2973 998 3063 σώματος

49 3074 103 3165 τὴν
116 3075 321 3168 εύπρέπειαν
339 3074 592 3166 ἀπεθαύμαζεν,
614 3073 659 3158 άς
672 3073 810 3148 πολύτὸ
823 3072 998 3165 βασιλικὸν

52 3177 125 3268 είγε,
145 3183 276 3252 καὶτοῦ
295 3179 505 3272 φρονήματος
521 3177 582 3270 τὴν
596 3177 771 3270 εὐγένειαν
789 3182 997 3268 ἐνεθυμεῖτο,

51 3277 88 3370 ἢν
105 3286 159 3354 καὶ
178 3283 269 3375 παρά
282 3283 322 3354 τά
342 3281 437 3356 δεινά
450 3285 610 3356 διέσωσεν
629 3281 672 3355 ού
688 3280 771 3372 πρὸς
783 3280 897 3364 οἶκτον
915 3276 997 3353 ούδέ
1013 3298 1048 3353 30

51 3385 248 3477 λιπαρήσεις,
263 3383 308 3468 ύς
319 3385 464 3468 άπαντες
482 3387 520 3456 έν
531 3401 605 3468 ταῖς
620 3389 768 3457 τοιαῖσδε
789 3387 922 3456 ποιοῦσι
936 3380 995 3454 τύ·

52 3511 133 3586 καις,
144 3489 365 3584 τραπόμενος,
378 3486 463 3562 ἀλλά
472 3485 538 3561 σύν
551 3486 704 3584 εὐκόσμῳ
718 3492 828 3579 σιωπῇ
842 3483 925 3578 πρὸς
937 3483 997 3557 τόν
