2367 3850
368 114 598 179 ..A-
916 121 959 182 45

29 277 120 360 λαιοδς
133 277 223 369 ίεράν
235 274 421 367 ὑπολαβεῖν
438 282 501 350 τοῦ
512 279 649 370 Κρόνου
667 277 730 369 τὴν
747 277 862 369 χώραν
876 279 958 351 ταῦ·

31 410 91 469 την,
109 380 163 453 τὸν
181 381 242 471 μέν
260 389 403 472 δαίμονα
422 389 542 454 τοῦτον
560 384 734 478 οἰομένους
752 382 838 452 εἶναι
854 383 960 472 πάσης

31 482 215 575 εὐδαιμονίας
233 490 356 577 δοτῆρα
376 489 432 558 καδ
454 485 635 577 πληρωτὴν
653 484 864 576 ἀνθρώποις,
891 498 957 587 εἰπε

29 589 137 675 Κρόνον
148 586 249 659 αὐτόν
264 595 318 659 δεῖ
330 600 461 678 καλεῖν,
485 586 690 678 όςἝλληνες
703 586 871 675 άξιοῦσιν,
891 601 959 661 εἰτε

29 692 211 780 Σάτουρνον,
227 688 271 773 ως
279 688 449 782 Ῥωμαῖοι,
468 700 579 765 πᾶσαν
592 693 631 763 δέ
645 692 883 783 περιειληφότα
896 692 958 782 τήν
974 712 992 763 5
1031 773 1037 789 .

29 799 71 863 τοῦ
83 795 200 884 κόσμου
219 796 341 884 φύσιν,
356 793 523 887 ὁποτέρως
535 794 579 867 άν
592 824 642 876 τις
654 793 817 886 όνομάση·
843 794 905 885 τὴν
919 797 957 867 δέ

29 926 116 985 χαραυ
133 898 256 989 ταύτην
274 895 423 990 ὁρῶντας
444 908 573 971 ἔκπλεω
587 900 695 987 πάσης
720 897 880 985 εὐπορίας
899 902 957 970 καδ

30 999 141 1087 χάριτος,
154 992 192 1091 ἦς
205 1002 242 1073 τό
255 1001 385 1092 θνητόν
398 1008 526 1092 ἐφίεται
540 1007 648 1092 γένος,
662 1000 836 1085 ἀξιοῦντας
850 1002 889 1073 δέ
900 1006 957 1073 καί

29 1110 93 1197 δείρ
116 1106 168 1175 καὶ
192 1110 310 1199 θνητῷ
336 1111 428 1195 γένει
454 1106 491 1179 τό
505 1096 700 1197 πρόσφορον
719 1106 806 1177 εἰναι
820 1108 957 1175 πάντων

30 1214 134 1294 χορίων
146 1204 405 1299 ἁρμοδιώτατον,
420 1207 482 1299 ὄρη
495 1209 557 1300 μέν
570 1212 631 1280 παλ
644 1208 752 1290 νάπας
762 1210 872 1291 Πανὶ,
888 1218 955 1279 λει-
974 1230 1007 1281 10

30 1316 116 1395 μόνας
127 1311 162 1383 δὲ
176 1314 233 1383 καὶ
247 1313 413 1401 τεθηλότα
425 1322 532 1404 χωρία
544 1312 712 1402 νύμφαις,
733 1310 835 1393 άκτάς
849 1313 887 1382 δέ
900 1315 957 1383 καδ

30 1412 123 1499 νηόους
139 1424 305 1505 πελαγίοις
321 1423 472 1505 δαίμοσι,
493 1422 562 1488 τῶν
576 1414 608 1487 δ’
624 1413 755 1502 ἄλλων,
770 1412 815 1497 τός
828 1416 956 1509 ἑκάστῳ

31 1523 118 1609 τιθεβ
135 1522 187 1589 καί
210 1526 344 1609 δαίμονι
365 1512 499 1593 οἰκείου.
526 1522 663 1607 λέγουσι
678 1519 717 1588 δέ
735 1522 793 1589 καί
810 1517 869 1599 τάς
887 1531 954 1589 θυ-

32 1625 83 1699 σίας
98 1624 255 1694 ἐπιτελεῖν
273 1630 320 1717 τῷ
335 1622 458 1718 Κρόυφ
477 1620 554 1703 τούς
573 1620 754 1706 παλαιοὺς,
782 1617 895 1707 ὥσπερ
918 1625 956 1691 ἐν

32 1726 188 1811 Καρχηδόνι
209 1728 292 1807 τέως
310 1724 442 1816 ἡπόλις
462 1730 609 1815 διέμεινε
631 1727 688 1796 καί
705 1722 796 1810 παρὰ
815 1731 956 1804 Κελτοῖς
973 1748 1006 1801 15

34 1829 64 1901 εἰς
74 1826 137 1897 τάδε
149 1828 270 1917 χρόνον
288 1836 416 1918 γίνεται
435 1831 493 1900 καί
513 1833 551 1898 έν
563 1826 678 1909 ἄλλοις
696 1830 762 1898 τισδ
775 1833 843 1898 τῶν
857 1831 953 1899 έσπε·

33 1934 92 2010 ρίου
107 1935 212 2005 ἰθυῦυ
237 1930 488 2022 ἀνδροφόνους,
507 1929 672 2024 Ἡρακλέα
693 1934 731 2003 δέ
750 1939 876 2003 παῦσαι
895 1931 955 2001 τόν

33 2030 108 2117 νόμον
120 2041 174 2126 τῆς
197 2045 323 2118 θυσίας
336 2041 549 2126 βουληθέντα
562 2037 623 2108 τόν
637 2063 673 2105 τε
687 2035 804 2124 βωμόν
814 2035 953 2121 ίδρόσα-

33 2143 90 2203 σδαι
97 2135 149 2208 τόν
158 2142 212 2210 ἐπί
220 2145 268 2233 τῷ
276 2147 476 2234 Σατουρνίῳ
487 2141 543 2209 καί
552 2139 781 2227 κατάρξασθαι
790 2138 956 2228 θυμάτων
1110 2217 1116 2228 ⁸

34 2230 116 2321 ἰχνῦυ
132 2245 183 2314 ἐπὶ
196 2249 339 2338 καθαρῷ
359 2246 441 2332 πυρδ
460 2239 684 2332 ἁγιζομένων,
704 2246 761 2311 ἵνα
784 2242 824 2311 δέ
844 2239 956 2331 μηθέν
972 2255 1006 2306 α)

35 2348 67 2426 εἰη
84 2359 143 2424 τοῖς
165 2345 362 2435 άνθράποις
387 2350 459 2427 δέος
478 2342 501 2435 ἢ
526 2345 709 2434 ἐυθῦμιου,
737 2340 782 2424 τός
804 2349 955 2432 πατρίων

35 2436 175 2533 ἠλογηκόσι
193 2457 345 2538 θυσιῶν,
368 2449 500 2533 διδάξαι
512 2447 591 2530 τούς
605 2453 803 2536 ἐπιχωρίους
816 2443 954 2533 άπομει-

35 2550 206 2636 λιττομένους
219 2552 281 2642 τὴν
293 2559 356 2622 τοῦ
367 2547 453 2624 θεοῦ
466 2558 567 2642 μῆνιν
580 2551 656 2624 άντί
668 2556 737 2619 τῶν
750 2545 956 2636 ἀνθρώπων,
1070 2549 1075 2555 ’

36 2644 71 2728 λῦῖ
86 2661 333 2742 συμποδιῖουτες
352 2659 408 2726 καὶ
429 2662 498 2725 τῶν
511 2660 633 2744 χειροῖν
647 2653 803 2740 ἀκρατεῖς
815 2658 954 2723 ποιοῦν·

36 2775 67 2830 ²⁵3
83 2758 250 2842 ἐρρίπτουν
270 2765 317 2841 εἰς
336 2757 374 2829 τό
393 2765 454 2830 τοῦ
479 2762 633 2848 Τεβέριος
653 2762 811 2848 ῥεῖθρον,
831 2763 956 2828 εἰδωλα
972 2777 1006 2828 25

37 2863 175 2942 ποιοῦντας
193 2859 393 2952 ἀνδρείκελα
416 2864 648 2951 κεκοσμημένα
666 2859 727 2930 τόν
745 2857 851 2932 αὐτόν
869 2865 954 2955 ἐκεί-

37 2979 81 3036 λῦῑῖ
95 2963 211 3048 τρόπον
231 2966 411 3055 ἐμβάλλειν
431 2972 479 3045 εἰς
500 2962 560 3035 τόν
579 2963 745 3051 ποταμόν,
772 2969 831 3034 ἳνα
856 2963 898 3052 δὴ
917 2961 955 3032 τό

39 3059 73 3138 ῑδῖ
86 3057 200 3146 ὀττείας
213 3065 231 3137 ό
244 3098 276 3139 τι
294 3070 337 3159 δή
352 3097 431 3140 ποτε
451 3061 494 3159 ἦν
512 3072 635 3147 ἐντοῖς
654 3064 814 3138 ἁπάντων
833 3079 955 3155 ψυχαῖς

39 3167 190 3252 θυομένου
215 3174 373 3264 ἐξαιρεθῇ
397 3177 465 3243 τῶν
484 3170 627 3242 εἰκόνων
644 3175 705 3240 τοῦ
726 3173 871 3241 παλαιοῦ
891 3166 954 3237 πά·

40 3266 147 3344 θῦυῖέτι
159 3277 361 3363 σωζομένων.
388 3281 486 3346 τοῦτο
508 3275 545 3346 δέ
564 3274 622 3342 καί
646 3275 761 3362 μέχρις
779 3275 862 3358 ἐμοῦ
878 3272 952 3338 ἐπε·
972 3289 1006 3342 30

40 3364 124 3439 ιέλοαν
137 3367 285 3464 Ῥωμαῖοι
304 3373 401 3466 όσέτη
424 3377 544 3466 μικρὸν
563 3375 707 3462 ὕστερον
723 3377 858 3461 ἐαρινῆς
885 3378 954 3460 ἰση·
1073 3366 1076 3374 ’

40 3477 119 3554 mla&
137 3480 172 3548 ἐν
191 3482 271 3569 μηοί
288 3487 394 3578 Μαίη)1
403 3495 476 3560 ταῖς
489 3479 712 3564 καλουμέναις
726 3480 846 3562 εἰδοῖς,
864 3480 954 3562 διχο-
