2367 3850
413 115 640 176 -B-
953 118 1011 181 141

48 303 112 354 κας
125 279 219 358 ἔταξε
234 278 305 346 τῶν
317 277 438 364 ἱερέων
456 289 528 358 τοῖς
546 278 677 346 έαυτῶν
693 271 835 364 άνδράσι
854 283 1013 368 συνιερά-

47 389 153 465 σθαι,
172 379 230 448 καὶ
249 389 284 448 εῖ
297 405 331 448 τι
348 377 394 467 μὴ
406 381 507 467 θέμις
519 369 564 466 ἦν
576 375 638 448 ὑπ’
651 376 789 466 ἀνδρων
801 374 1013 466 ὀργιάζεσθαι

47 479 136 551 κατά
160 481 269 568 νόμον
289 480 350 550 τόν
375 480 572 570 έκιχάριον,
611 481 733 562 ταύτας
765 484 930 554 ἐκιτελεῖυ
955 485 1013 554 καὶ

46 589 174 662 καῖδας
200 580 316 653 αύτῶν
340 582 382 652 τά
408 584 604 672 καθήκοντα
631 592 858 673 λειτουργεῖν·
883 600 952 667 τοῖς
974 585 1012 658 δδ

46 685 193 756 άκαισιν
205 690 243 756 ἐκ
256 691 325 756 τῶν
336 683 451 756 ἄλλων
462 697 569 756 οῖκων
579 685 658 767 τούς
667 686 901 775 χαριεστάτους
909 715 1010 758 κατα·
1029 706 1047 758 σ

45 777 208 876 λεγέντας
221 792 255 872 ἐξ
268 788 406 877 ἑκάστης
425 790 595 878 φράτρας,
616 789 718 878 κόρον
738 790 796 860 καὶ
812 787 933 877 κόρην,
954 788 1013 862 τόν

45 893 110 980 μὲν
120 895 187 972 ἕως
195 887 280 980 ἥβης
288 889 471 980 ύκηρετεῖν
484 907 553 972 τοῖς
563 898 675 984 ἱεροῖς,
688 893 750 982 τὴν
763 893 800 962 δὲ
813 891 918 982 κόρην
931 889 1013 964 όσον

17 987 129 1087 θάνῇ
148 994 274 1083 χρόνον
295 991 382 1084 ἁγνὴ
393 995 529 1084 γάμων·
551 998 589 1066 έκ
601 1000 671 1066 τῶν
683 990 886 1083 Ἑλληνικῶν
898 995 1013 1084 νόμων

46 1100 233 1170 καὶταῦτα
253 1098 555 1186 μετενεγκάμενος,
582 1093 628 1178 ῶς
650 1096 717 1185 έγῶ
737 1105 907 1185 κελθομαι.
949 1094 1013 1169 ὅσα

47 1203 110 1288 μὲν
123 1198 193 1288 γάρ
205 1203 243 1269 αἱ
259 1201 448 1289 κανηφόροι
465 1202 522 1272 καὶ
541 1197 729 1290 άρρηφόροι
746 1200 923 1289 λεγόμεναι
942 1209 1010 1270 λει-
1029 1219 1063 1277 ιθ

47 1308 254 1391 τουργούσιυ
272 1305 328 1373 έκλ
343 1309 415 1374 τῶν
428 1299 633 1393 Ἑλληνικῶν
658 1307 777 1392 ἱερῶν,
796 1307 880 1374 ταῦτ
946 1301 1012 1391 αρά

43 1403 218 1492 Ῥωμαῖοις
229 1409 268 1474 αἱ
277 1405 607 1495 προσαγορευόμεναι
620 1408 853 1486 *****[τούτο
867 1411 888 1476 δ
905 1412 1010 1490 ]σνν-

47 1513 185 1578 τελοῦσι
203 1508 386 1594 στεφάναις
409 1508 638 1598 κοσμούμεναι
655 1509 713 1590 τάς
733 1506 898 1595 κεφαλάς,
925 1514 1012 1590 οἵαις

48 1627 223 1701 κοσμεῖται
229 1610 269 1682 τά
278 1617 337 1700 τῆς
344 1609 496 1699 ’δ’κμεσὶας
504 1608 692 1700 Ἀρτέμιδος
702 1609 917 1700 ἀφιδρύματα
927 1609 1010 1697 κάμ’

39 1713 208 1803 Ἕλλησιν.
220 1711 283 1784 όσα
290 1713 426 1802 δεκαρά
436 1716 684 1804 Ίυρρηνοῖςκαὶ
694 1720 743 1784 έτι
752 1713 915 1803 πρότερον
922 1713 1012 1802 καρὰ
1031 1737 1063 1790 1ο

48 1827 239 1904 Πελασγοῖς
250 1820 455 1888 συνετέλουν
467 1820 526 1889 έκὶ
539 1845 577 1888 τε
590 1816 777 1908 Κουρήτων
790 1819 848 1888 καὶ
856 1817 1012 1905 μεγάλων

49 1929 144 1993 θεῶν
155 1918 349 2010 ὀργιασμοῖς
361 1926 396 1993 οἱ
406 1921 607 2011 καλούμενοι
621 1918 704 2009 πρός
717 1918 831 1991 αὐτῶν
844 1919 1011 2010 κάδμιλοι,

49 2033 154 2097 ταῦτα
168 2022 253 2095 κατά
269 2023 331 2095 τόν
346 2021 452 2097 αύτόν
463 2025 591 2112 τρόπον
609 2021 802 2114 ῦτηρέτουν
813 2040 884 2105 τοῖς
900 2029 1010 2113 ἱερεῦ-

50 2151 103 2199 σιν
114 2132 154 2198 οἱ
164 2126 341 2217 λεγόμενοι
353 2133 420 2199 νῦν
431 2123 501 2199 ῦτό
507 2124 678 2217 Ῥωμαίων
693 2127 837 2217 κάμιλοι
866 2133 916 2197 ἔτι
928 2124 1012 2212 κρός

15 2231 182 2312 τιτούτοις
202 2234 297 2313 ἔταξε
322 2231 445 2321 μάντιν
466 2235 499 2315 ἐξ
519 2230 657 2321 ἑκάστης
683 2236 793 2320 φυλῆς
812 2233 874 2301 ἕνα
892 2244 1010 2318 καροῖ·
1028 2252 1064 2306 20

48 2364 102 2405 ναι
120 2349 195 2414 τοῖς
213 2339 331 2423 ἱεροῖς,
355 2331 396 2405 ὃν
415 2331 511 2424 ἡμεῖς
530 2333 593 2423 μὲν
614 2333 812 2422 ἱεροσκόπον
831 2336 1012 2421 καλοῦμεν,

44 2434 198 2527 Ῥωμαῖοι
219 2437 258 2507 δὲ
271 2434 393 2528 ,όλῖγον
413 2465 448 2507 τι
462 2443 521 2527 τῆς
535 2433 675 2526 ἀρχαίας
695 2432 919 2525 φυλάττοντες
933 2430 1011 2505 όνο·

48 2548 170 2629 μασὶας
176 2535 364 2627 νἰροόσκιιια
373 2539 695 2630 προσαγορεύουσιν.
717 2535 866 2619 άκαντας
881 2537 919 2609 δέ
934 2534 1012 2619 άούς

50 2650 150 2734 ἱερεῖς
176 2670 214 2713 τε
241 2644 299 2713 καὶ
323 2642 539 2731 λειτουργούς
557 2647 627 2713 τῶν
647 2646 742 2713 θεῶν
766 2644 1012 2731 ἐνομοθέτησεν

49 2744 320 2817 ἄκοδεὶκνυσθαι
332 2746 396 2835 μὲν
408 2741 476 2817 ῦιτό
489 2752 557 2817 τῶν
568 2751 748 2834 φρατρῶν,
763 2747 1011 2836 ἐπικυροῦσθαι
1028 2759 1064 2811 2⁵

51 2850 85 2920 δέ
98 2846 168 2919 ῦκό
181 2854 252 2919 τῶν
270 2851 505 2938 ἐξηγουμένων
521 2846 564 2920 τά
574 2859 655 2921 θεῖα
668 2846 725 2921 διά
739 2854 908 2939 μαντικῆς.

121 2951 245 3023 XXIII.
262 2957 375 3024 Ταῦτα
383 2955 462 3043 κερὶ
469 2957 539 3023 τῶν
547 2950 811 3043 θρησκευόντων
819 2951 898 3039 τούς
907 2948 1012 3029 θεούς

51 3054 339 3144 καταστησάμενος
352 3054 463 3147 διῄρει
476 3054 596 3143 πάλιν,
619 3052 664 3138 ῶς
676 3060 782 3146 δφην,
802 3051 880 3125 κατ’
893 3056 1009 3140 έκιτη·

54 3156 206 3247 δειότητα
225 3173 298 3238 ταῖς
316 3158 483 3247 φράτραις
508 3156 550 3229 τά
569 3158 660 3248 ἱερά,
680 3156 787 3239 θεούς
806 3153 1012 3237 άκοδεικυῦς

53 3262 200 3343 ἑκάστας
218 3262 276 3331 καλ
294 3266 473 3351 δαίμονας,
492 3258 552 3342 οῦς
570 3269 711 3350 ἔμελλον
727 3259 781 3331 ιἰεἱ
801 3260 930 3347 σέβειν,
952 3258 1010 3329 καὶ
1027 3273 1063 3327 ³0

53 3362 107 3446 τάς
129 3370 179 3445 εἰς
196 3361 238 3435 τά
251 3362 326 3455 ἱερά
342 3364 495 3449 δακάνας
507 3367 643 3452 ἔταξεν,
661 3360 703 3445 ἃς
722 3366 825 3451 ἱγρῆυ
844 3358 958 3441 αὐτοῖς
973 3363 1011 3431 ἐκ

53 3474 110 3539 τοῦ
127 3473 295 3562 δημοσίου
319 3473 491 3541 δίδοσθαι.
527 3465 701 3539 συνέθυόν
720 3492 757 3537 τε
776 3478 845 3545 τοῖς
864 3467 1012 3553 ἱερεῦσιν
