2367 3850
166 132 228 194 276
528 162 580 178 -··
632 130 765 192 Γ-

167 291 230 381 τὴυ
251 289 351 362 πόλιν
364 295 565 380 στρατεῦσαι
586 289 741 381 καλμετά
758 295 884 382 πολλῆς
906 293 1129 380 πραγματείας

168 395 288 486 κόριος
298 393 401 483 αὐτῆς
415 394 578 477 καταστάς
593 399 763 486 ἐμπρῆσαί
773 422 809 464 τε
823 393 881 476 τάς
895 399 1004 474 οἰκίας
1021 395 1077 463 καί
1094 391 1129 462 τά

128 549 135 572 ι
170 504 261 588 τείχη
275 498 494 581 κατασκάψαι.

246 600 443 670 XXXVIIII.
466 609 509 670 Μ
509 597 565 670 ετά
580 603 680 678 τοῦτο
692 604 846 686 γίνονται
857 604 1067 668 Λατίνων-τε
1079 599 1129 666 καλ

136 699 334 793 σῬοιμαίων
355 703 513 791 μεγάλαις
534 701 698 790 δυνάμεσι
725 705 1010 791 παραταξαμένων
1037 700 1131 788 μάχαι

172 813 290 878 διτταί.
316 811 358 894 τῇ
371 806 432 894 μὲν
445 797 509 876 οῦν
523 808 668 896 προτέρα
682 807 778 893 μέχρι
791 808 918 873 πολλοῦ
930 802 1129 890 διαγωνισά·

173 936 269 1000 μενοι
283 911 340 978 καὶ
355 907 509 991 δόξαντες
530 907 703 996 ἰσόρροποι
722 909 900 994 γεγονέναι
913 912 1132 994 διεκρίθησαν

172 1014 229 1083 καὶ
244 1012 305 1108 ’ἐπὶ
325 1009 403 1091 τοῦς
427 1017 534 1090 ίδίους
550 1010 701 1100 ἑκάτεροι
717 1009 864 1098 χάρακας
884 1006 1133 1097 ἀπηλλάγησαν,

172 1143 212 1204 τη
228 1111 260 1183 δ’
276 1111 398 1206 ὑστέρᾳ
409 1111 561 1202 Ῥωμαῖοι
575 1119 694 1184 νικιῦσι
705 1112 782 1192 τοῦς
789 1119 955 1191 Λατίνους
969 1114 1028 1189 καλ
1042 1114 1134 1200 μέχρι

122 1235 155 1288 10
172 1219 398 1307 στρατοπέδου
426 1216 596 1288 διόκουσι.
637 1213 719 1304 μέτά
743 1215 781 1284 δὲ
804 1214 861 1294 τάς
881 1214 987 1302 μάχας
1012 1215 1134 1294 ταύτας

172 1319 266 1408 ἀγοδυ
285 1320 348 1408 μὲν
370 1323 406 1388 ἐκ
430 1318 642 1408 παρατάξεως
655 1315 767 1398 οὐδεὶς
779 1315 894 1397 αῦτοίς
908 1324 957 1386 ἐτι
973 1315 1059 1405 πρός
1081 1314 1133 1386 ἀλ·

173 1423 297 1508 λη’λους
325 1424 483 1510 συνέστη,
511 1423 719 1512 καταδρομαὶ
745 1420 783 1490 δέ
803 1425 862 1508 τῆς
882 1417 1008 1509 ὁμόρου
1029 1419 1135 1508 χώρας

173 1522 233 1596 ὑπ’
254 1522 454 1614 ἀμφοτέρων
469 1529 620 1610 ἐγίνοντο
633 1538 784 1611 συνεχεῖς
796 1525 853 1592 καί
867 1525 1059 1612 συμπλοκαὶ
1072 1528 1135 1592 τόν

175 1627 367 1722 περιπόλων
380 1632 438 1716 τῆς
451 1632 511 1716 γῆς
525 1627 657 1698 ἱππέων
675 1628 782 1696 τεκαὶ
796 1630 921 1711 ψιλόν,
938 1628 979 1695 ἐν
992 1623 1047 1706 αἷς
1062 1628 1133 1696 ἐπε-

125 1742 157 1794 15
175 1730 321 1820 κράτουν
352 1725 396 1809 τός
416 1729 457 1799 τά
480 1727 586 1818 πολλά
610 1726 765 1818 Ῥωμαῖοι
792 1727 939 1816 δύναμιν
964 1725 1136 1816 ὕπαιθρον

174 1840 304 1920 ἔχοντες
325 1834 445 1912 ἐντοῖς
468 1835 652 1920 ἐπικαίροις
671 1836 846 1920 φρουρίοις
859 1827 1135 1920 ὑποκαθημένην,

173 1928 213 2025 ἧς
232 1931 248 2005 ό
276 1934 448 2022 Τυρρηνός
466 1936 651 2025 Ταρκύνιος
670 1933 792 2024 ἡγεῖτο.
825 1932 1018 2023 ἀπέστησαν
1032 1936 1070 2005 δέ
1084 1937 1136 2005 καλ

175 2044 354 2127 Φιδηναῖοι
359 2033 528 2127 Ῥωμαίων
541 2037 627 2109 κατά
641 2036 720 2119 τοῦς
729 2035 855 2117 αὐτοῦς
867 2037 1010 2127 χρόνους
1024 2035 1090 2108 οῦκ
1101 2042 1136 2107 ἐκ

173 2146 235 2211 τοῦ
256 2146 407 2229 φανεροῦ
426 2138 485 2211 τὸν
512 2140 659 2229 πόλεμον
678 2138 931 2225 ἀναδείξαντες,
952 2138 1040 2211 ἀλλά
1061 2128 1132 2211 κατ’

123 2259 157 2311 κθ
173 2230 307 2333 ὀλίγους
328 2245 384 2313 καὶ
413 2242 527 2331 κρύφα
550 2242 613 2331 τὴν
640 2242 753 2330 χώραν
773 2241 886 2313 αὐτόν
912 2249 1135 2333 καταδρομαῖς
1176 2219 1177 2280 I

175 2349 458 2435 κακουργοῦντες·
482 2342 535 2432 ἐφ’
553 2344 613 2427 οῦς
633 2344 821 2434 ὁΜάρκιος
842 2342 976 2437 εῦζοόνῳ
999 2352 1136 2437 στρατιᾴ
1176 2351 1178 2400 I

175 2447 310 2535 ἐλάσας,
335 2450 417 2536 πρὶν
438 2442 459 2537 ἢ
485 2448 808 2536 παρασκευάσασθαι
829 2446 908 2529 τοῦς
931 2454 1136 2537 Φιδηναίους
1176 2447 1177 2514 I

174 2549 214 2621 τά
229 2550 312 2638 πρὸς
331 2549 391 2621 τόν
411 2549 573 2639 πόλεμον,
602 2549 702 2640 ἐγγὺς
714 2556 773 2640 τῆς
787 2550 915 2632 πόλεως
928 2560 1060 2622 τίθεται
1079 2550 1136 2621 τόν

173 2652 312 2740 χάρακα.
352 2654 445 2725 οίδέ
467 2650 542 2723 κατ’
563 2651 668 2743 ἀρχάς
683 2654 747 2742 μὲν
770 2650 908 2741 ἀγνοεῖν
933 2654 1135 2742 ἐσκήπτοντο

125 2773 157 2827 25
176 2752 251 2825 ἀντὶ
265 2760 372 2825 ποίων
385 2752 600 2845 ἀδικημάτων
614 2756 752 2846 στρατός
766 2754 819 2825 ἐπ’
836 2752 959 2835 αῦτοῦς
967 2750 1135 2846 Ῥωμαίων

176 2855 331 2944 ἀφῖκται,
361 2863 421 2926 τοῦ
443 2859 480 2927 δὲ
500 2862 663 2947 βασιλέως
687 2858 838 2939 εἰπόντος
861 2856 914 2928 ὅτι
937 2864 1033 2941 δίκας
1056 2856 1132 2948 παρ’
1176 2875 1177 2910 ¹

176 2957 289 3033 αὐτῶν
302 2956 376 3049 ῦκει
391 2960 577 3049 ληψόμενος
590 2953 639 3031 οἷν
653 2961 842 3051 διήρπασάν
854 2963 960 3031 τεκαὶ
974 2965 1133 3051 κατέβλα-

175 3079 246 3145 ψαν
267 3060 373 3133 αὐτοῦ
391 3063 454 3153 την
473 3068 554 3153 γῆν,
576 3060 804 3158 ἀπελογοῦντο
817 3062 900 3161 πρός
914 3070 1021 3134 ταῦτα
1039 3062 1084 3145 ὡς
1097 3061 1159 3135 οότ

176 3162 214 3233 τὸ
241 3163 357 3236 κοινὸν
385 3176 493 3237 αἴτιον
515 3176 567 3253 τίη
586 3172 656 3235 τάν
675 3164 907 3256 ἀδικημάτων,
933 3169 991 3237 καί
1017 3167 1133 3255 χρόνον

125 3284 159 3337 ³0
176 3262 317 3355 ᾐτοῦντο
343 3272 391 3347 εἰς
419 3267 602 3355 διάγνωσίν
626 3295 662 3337 τε
682 3272 740 3339 καλ
765 3270 901 3358 ζήτησιν
923 3274 993 3339 τῶν
1012 3270 1133 3358 ἐνόχων

177 3382 249 3445 ταῖς
274 3373 394 3448 αίτίαις
421 3371 478 3438 καὶ
505 3369 629 3450 πολλάς
653 3375 856 3459 κατέτριψαν
882 3368 1008 3462 ἡμέρας
1032 3374 1132 3462 πράτ·
1175 3415 1178 3452 ι

178 3464 290 3547 τοντες
315 3469 378 3557 μέν
403 3467 505 3541 οῦδὲν
528 3477 597 3541 τόν
622 3474 769 3545 δεόντων
776 3528 786 3562 ,
816 3474 1076 3564 ἐπικαλούμενοι
1100 3475 1132 3553 δὲ
1176 3491 1178 3632 χ

1176 3637 1178 3734 I

1176 3761 1178 3820 I
