2367 3850
414 181 467 194 -ν
518 149 651 212 Γ-
959 153 1021 216 275

31 312 223 400 πανδημεὶ
243 309 430 401 μετήγαγεν
451 321 506 394 ἐίς
522 309 654 403 Ῥώμην
679 307 737 384 καὶ
755 312 951 402 κατένειμεν
972 321 1020 396 είς

103 421 125 482 λ
141 414 149 438 Ι
169 469 177 483 .
789 436 791 440 ,

34 443 101 502 (pv
128 441 315 588 t{KSXXVIIL
344 521 402 586 Τώ.
412 513 446 585 δ’
462 518 533 605 έξής
548 519 692 610 ἐνιαυτῷ
705 525 863 587 Λατίνων
876 524 924 598 είς
938 525 1015 608 έρη·

34 649 117 708 μον
135 617 173 688 τό
192 617 402 709 Πολιτώριον
420 623 574 700 ἐποίκους
593 618 864 690 ἀποστειλάντων
883 621 940 690 καί
955 621 1017 710 τήν

35 730 123 794 τών
143 729 385 810 Πολιτωρίνων
405 721 518 812 χώραν
529 725 810 812 Ιἐπεργαζομένων
836 721 1051 813 άναλαβώνο

5 847 13 892 ι
37 826 113 916 τήν
125 827 272 913 δύναμιν
281 821 459 916 όΜάρκιος
469 818 551 914 ἦγεν
564 823 619 895 ἐπ’
630 824 761 906 αότοός.
777 827 1017 914 προελθόντων

41 931 88 1001 δὲ
105 935 170 998 τοῦ
183 935 312 1016 τείχους
331 934 401 1000 τών
411 936 569 998 Λατίνων
588 931 647 998 καί
659 933 945 1017 παραταξαμένων
964 959 1016 999 νι·

38 1033 158 1122 κήσας
178 1029 299 1112 αὐτοὺς
318 1031 571 1121 παραλαμβάνει
587 1028 649 1120 τήν
670 1031 770 1100 πόλιν
791 1030 828 1100 τό
845 1031 1015 1119 δεύτερον.
1051 1065 1055 1074 ’

40 1134 223 1225 ἐμπρήσας
237 1134 274 1203 δὲ
288 1131 346 1215 τὰς
359 1141 464 1215 οἰκίας
477 1136 534 1203 καὶ
546 1132 583 1202 τὸ
597 1149 705 1220 τεῖχος
716 1134 943 1219 κατασκάψας,
957 1141 1017 1204 ἵνα

42 1239 161 1328 μηδὲν
179 1230 280 1317 αὖθις
299 1233 502 1326 ὁρμητήριον
513 1231 629 1325 ’ἔχοιεν
647 1242 683 1306 οἱ
693 1239 844 1327 πολέμιοι
864 1235 941 1327 μηδ’
959 1241 1014 1326 έρ-
1033 1259 1066 1310 10

42 1342 203 1430 γάξοιντο
223 1337 285 1429 τήν
303 1345 386 1428 γῆν,
407 1337 514 1428 ἀπῆγε
532 1337 595 1429 τήν
614 1339 783 1430 στρατιάν.
826 1348 873 1434 τῷ
895 1339 925 1410 δ’
943 1343 1016 1430 έξής

43 1453 119 1515 ἔτει
133 1451 272 1514 Λατῖνοι
288 1445 351 1532 μὲν
369 1443 426 1512 ἐπὶ
440 1442 658 1512 Μεδύλλειαν
670 1443 771 1514 πόλιν
789 1441 1013 1532 στρατεύσαν·

44 1575 123 1633 τες,
151 1537 224 1636 ίνή
241 1541 410 1634 Ῥωμαίων
432 1535 518 1633 ἦσαν
538 1542 689 1631 ἄποικοι,
710 1544 1015 1634 προσκαθεζόμενοι

44 1655 97 1743 τῷ
119 1655 220 1736 τείχει
238 1651 295 1718 καὶ
318 1647 533 1736 πανταχόθεν
554 1648 774 1736 ποιησάμενοι
788 1646 847 1728 τοὶς
867 1655 1012 1736 προσβο-

47 1751 112 1832 λάς
129 1755 285 1840 αίροῦσιν
305 1747 412 1840 αότήν
434 1749 517 1822 κατά
535 1750 679 1840 κράτος.Ι
699 1751 854 1840 Μάρκιος
875 1751 913 1820 δὲ
932 1759 1012 1819 Τελ-
1032 1761 1063 1812 15

45 1855 154 1944 λήνας
173 1851 272 1925 πόλιν
294 1859 362 1925 τών
377 1861 532 1924 Λατίνων
552 1855 700 1944 ίπιφανή
721 1852 805 1925 κατὰ
823 1849 884 1925 τόν
909 1851 1013 1925 αὐτὸν

46 1964 141 2046 αἱρεῖ
154 1957 276 2046 χρόνον
291 1960 327 2027 ἐκ
347 1957 561 2046 παρατάξεώς
579 1985 616 2027 τε
631 1956 770 2045 νικήσας
790 1960 847 2028 καὶ
866 1956 923 2027 διὰ
943 1985 1011 2026 τει-

50 2069 213 2149 χομαχίας
226 2060 520 2149 παραστησάμενος
540 2061 619 2141 τούς
638 2088 675 2129 τε
688 2058 829 2141 ἁλόντας
841 2058 944 2131 οὐδὲν
964 2050 1013 2129 ών

48 2164 142 2251 εἶχον
163 2160 369 2251 ἀφελόμενος
388 2169 435 2243 είς
454 2160 580 2252 Ῥώμην
606 2163 771 2251 μετήγαγε
795 2166 851 2233 καὶ
871 2168 930 2252 τῆς
949 2162 1010 2231 πό·

48 2277 134 2346 λεως
156 2272 203 2345 είς
224 2265 434 2355 κατασκευὴν
453 2270 570 2335 οίκιών
591 2266 695 2335 τόπον
717 2264 913 2354 ἀπεμέρισε·
937 2272 1010 2334 Με-
1029 2276 1062 2329 20

49 2368 211 2439 ἃόλλειάν
239 2394 275 2437 τε
301 2375 413 2458 τριετῆ
426 2368 545 2456 χρόνον
564 2365 632 2437 ὑπὸ
653 2384 722 2449 τοῖς
735 2373 893 2448 Λατίνοις
913 2394 1011 2456 γενο-

48 2475 155 2562 μένην
174 2476 223 2564 τῷ
235 2470 382 2565 τετάρτω
404 2478 569 2560 κομίζεται
591 2470 693 2540 πάλιν
713 2475 857 2563 ἐνιαυτῷ
876 2479 1013 2552 πολλοῖς

48 2578 105 2645 καί
126 2573 285 2663 μεγάλαις
304 2574 601 2663 παραστησάμενος
622 2572 749 2662 μάχαις.
793 2573 850 2673 καὶ
876 2570 948 2659 μετ’
971 2570 1012 2641 οὐ

5 2692 34 2745 αλ
50 2676 136 2749 πολὺ
148 2676 211 2767 τήν
225 2685 421 2747 Φικαναίων
438 2680 529 2763 αίρεῐ
540 2676 657 2763 πόλιν,
679 2672 722 2764 ἣν
735 2681 836 2767 τρίτῳ
851 2674 1014 2763 πρότερον

49 2778 192 2875 ἐνιαυτῷ
222 2778 336 2869 λαβών
362 2777 444 2849 καθ’
461 2778 638 2869 ὁμολογίας
664 2781 720 2847 καὶ
747 2776 827 2858 τούς
856 2778 890 2860 ἐξ
911 2774 1014 2865 αώτής
1030 2790 1063 2839 ²5

50 2882 202 2963 ἅπαντας
214 2890 260 2963 είς
275 2879 403 2971 Ῥώμην
420 2881 635 2971 μεταγαγών,
657 2878 738 2950 ἄλλο
754 2881 790 2951 δὲ
810 2884 867 2969 τῆς
886 2881 1014 2959 πόλεως

50 2985 152 3057 οὐδέν
166 2985 337 3071 κακώσας,
361 2986 606 3073 ἐπιεικέστερον
625 2991 754 3073 μᾶλλον
767 2980 790 3072 ή
802 2981 1012 3071 φρονιμώτε-

52 3118 111 3179 ρον
131 3093 226 3171 έδυξε
238 3087 501 3176 βουλεύσασθαι.
533 3085 694 3167 ἀποίκους
715 3085 780 3175 γάρ
794 3082 1011 3154 άποστείλαν-

50 3220 102 3273 τες
123 3196 171 3271 είς
193 3190 300 3280 αὐτήν
321 3196 356 3259 oc
367 3200 507 3260 Λατίνοι
528 3194 584 3259 καὶ
602 3189 664 3279 τήν
684 3190 798 3278 χώραν
811 3182 924 3253 αὐτῶν
938 3192 1010 3255 δια·
1098 3259 1100 3262 ,

50 3298 241 3385 κατέχοντες
271 3290 366 3363 αὐτοὶ
388 3291 450 3383 τήν
476 3299 544 3363 τών
573 3299 769 3363 Φικαναίων
794 3286 1013 3377 ἐκαρποῦντο,
1031 3304 1065 3357 30

52 3396 133 3469 ώστε
159 3396 359 3488 ἠναγκάσθη
380 3397 482 3468 πάλιν
504 3394 522 3466 ὁ
545 3396 699 3484 Μάρκιος
717 3392 756 3463 τὸ
777 3390 938 3481 δεύτερον
959 3392 1013 3461 ἐπὶ

325 3526 330 3536 ·
417 3507 419 3512 ’
798 3502 862 3565 18*
