2367 3850
297 134 712 251 “¹¹''
954 142 995 205 ει

50 298 166 380 εἰκόνας
182 296 269 371 εἶναι
277 296 360 427 ,ρύς
371 296 769 426 ΣαμρθρᾷκεςἘλλήνου
781 301 923 391 μάλιστα
936 302 993 431 όρ-

49 403 194 491 γιόζονσι,
209 402 313 473 καὶ
279 431 316 475 το
330 403 569 495 μυθευόμενον
578 403 825 492 Παλλύδιον,”
806 434 825 475 ο
838 426 922 495 φασι
934 406 994 488 τὰς

49 505 126 595 ίερός
138 506 322 596 φυλάττειν
341 512 534 599 παρθένους
547 510 586 579 ἐν
603 536 676 603 ναφ
660 514 844 599 κείμενον
853 505 992 596 Ἑστίας,

48 618 121 681 ἔνθα
137 608 243 681 καὶ
211 638 249 680 το
262 608 434 682 ύθύνατον
455 612 648 695 διασώζεται
666 618 751 701 τύρ·
778 602 914 739 ύιιέρ
887 640 937 683 ων
955 618 994 683 ἐν

47 709 162 807 ὑστέρῳ
182 714 383 805 λεχθήσεται
396 713 493 808 λόγφ.
529 725 580 803 είη
597 711 671 787 δ’
647 743 692 785 αν
709 717 765 787 καὶ
778 714 867 807 παρὰ
887 721 1027 787 ταύταε

47 832 104 897 τοῖς
122 817 278 905 βεβήλοις
296 815 377 908 ἡμῖν
396 816 545 907 ἄδηλα”
525 844 633 905 ετερα.
670 820 824 909 καὶπερὶ
844 819 907 909 μὲν
924 824 994 891 τῶν

51 925 198 1008 Τρωικόν
212 926 313 1010 ίεριύν
325 926 470 993 τοσαῦτα
484 921 640 1011 είρήσδω.

111 1022 212 1093 LXX.
231 1022 407 1095 Ἀσκανίου
428 1024 466 1094 δὲ
494 1020 604 1119 ύγδόφ
630 1023 688 1095 καί
714 1028 899 1116 τριακοστῷ
925 1030 991 1095 ἐτει

48 1130 95 1214 ιής
117 1134 288 1215 βασιλείας
312 1128 569 1217 τελευτήσαντος
597 1130 765 1219 παρέλαβε
790 1125 853 1217 τήν
871 1123 991 1216 ήγεμο·

49 1236 113 1299 νίαν
124 1230 282 1313 Σιλούιος
300 1228 445 1319 ἀδελφός
466 1225 515 1301 τόν
534 1237 726 1316 Ασκανίου,
745 1229 828 1319 μετὰ
848 1228 910 1299 τόν
928 1235 991 1300 Ac·
1010 1248 1044 1303 1⁰

49 1340 128 1403 νείου
152 1334 305 1405 θάνατον
332 1334 512 1423 γενόμενος
540 1338 577 1405 ἐκ
600 1333 745 1413 Λαύνας
771 1340 829 1422 τῆς
844 1341 994 1403 Λατίνου

50 1436 219 1526 θυγατρός,
235 1436 277 1507 ὅν
297 1460 400 1527 φασιν
417 1442 454 1509 ἐν
468 1451 537 1519 τοῖς
550 1436 665 1526 ὄρεσιν
683 1431 751 1506 ύαὸ
772 1442 843 1507 τῶν
861 1438 994 1527 νομέων

50 1540 249 1630 ἐκτραφῆναι.
288 1546 350 1610 τού
371 1540 435 1629 γὰρ
455 1536 632 1611 Ἀσκανίου
651 1539 905 1627 παραλαβόντος
930 1538 994 1628 τὴν

50 1649 208 1727 βασιλείαν
226 1642 383 1732 περιδεὴς
403 1638 559 1734 ήΛαύνα
579 1644 743 1733 γενομένη
759 1640 805 1732 μή
822 1668 855 1712 τι
877 1642 993 1713 δεινόν

50 1740 97 1813 ὑπ’
111 1743 217 1817 αύτού.
235 1746 330 1837 πύθη
351 1744 434 1818 κατὰ
447 1744 485 1817 τὸ
498 1754 556 1837 της
573 1751 736 1837 μητρυιᾶς
750 1743 873 1835 ὄνομα,
893 1743 991 1834 ἐγκύ·
1012 1770 1045 1821 16

28 1862 109 1934 ερον
121 1841 207 1919 ούσα
222 1855 362 1921 δίδωσιν
375 1848 500 1940 ἑαυτὴν
518 1853 681 1946 Τυρρηνῷ
692 1875 759 1919 τινι
777 1856 994 1938 συοφορβίων

51 1956 214 2043 ἐπιμελητῇ
227 1961 430 2042 βασιλικόν,
452 1953 494 2025 ὃν
506 1951 581 2044 ᾔδει
595 1961 731 2048 Λατίνφ
750 1953 937 2043 γενόμενον
955 1957 994 2024 ἐν

52 2072 106 2134 τοῖς
116 2056 258 2145 μάλιστα
271 2059 492 2148 προσήγορον.
515 2054 582 2128 ὁδ’
598 2066 646 2139 είς
658 2053 742 2138 ὕλας
754 2057 896 2146 ἐρήμους
908 2054 992 2144 ιἰγα·
1100 2081 1107 2094 ·

52 2156 107 2281 γόν
119 2157 225 2250 αύτήν
239 2156 282 2242 τός
297 2167 365 2232 τεόν
385 2166 616 2250 ἐπιτυχουσῶν
628 2189 722 2246 τινα,
743 2159 993 2248 φυλαττόμενος

51 2257 183 2351 όφθήναι
198 2281 266 2355 τοῖς
280 2293 295 2334 ε
298 2265 406 2336 ίδόσιν
420 2269 561 2355 ἔτρεφεν
573 2268 666 2354 ἔντη
680 2261 771 2386 νύττη
784 2261 990 2332 κατασκευύ·
1009 2287 1044 2340 20

53 2387 98 2444 σας
110 2377 241 2456 οἴκησιν
260 2397 302 2438 ου
291 2365 450 2450 ’πολλοῖς
462 2367 634 2468 γνώριμον
652 2368 709 2438 καί
730 2393 767 2435 το
755 2362 918 2436 ταίδιον
935 2391 991 2451 γε·

53 2467 175 2597 νόμεγον
198 2469 387 2561 ἀναιρεῐταί
409 2472 524 2542 τεκαὶ
548 2473 667 2561 τρέφει
688 2465 886 2538 Σιλούιον’
869 2466 992 2556 ονομύ·

52 2570 171 2652 σοςᾶαδ
186 2581 245 2663 τῆς
259 2571 360 2664 ὕλης,
388 2572 499 2660 ὥσπερ
519 2603 563 2645 αν
584 2584 619 2644 εί
636 2598 686 2652 τις
699 2567 833 2641 Ἐλλάδι
857 2569 993 2661 γλύσση

54 2673 189 2756 λέξειεν*
188 2687 320 2748 Τλατον.
365 2675 489 2766 χρόνον
513 2677 551 2747 δέ
576 2673 771 2803 μροιόντος,
794 2670 840 2754 ὡς
865 2673 993 2763 αολλην

55 2775 168 2866 ζήτησιν
181 2783 321 2866 ἐγνω
281 2805 338 2867 της
352 2778 511 2867 γυναικός
524 2777 591 2883 ύτιδ
604 2784 674 2848 τῶν
687 2785 844 2848 Λατίνων
857 2779 998 2866 γινομί·Ι
1009 2805 1043 2857 26

54 2903 103 2965 νην
122 2882 175 2950 καὶ
199 2877 247 2950 δι’
263 2886 334 2950 αίτί
319 2889 373 2962 ίας
391 2879 472 2950 ὅντα
488 2873 579 2969 παρὰ
599 2909 647 2976 τφ
633 2881 785 2971 πλήθει
805 2880 865 2951 τὸν
877 2878 993 2950 Ἀσκύ·

55 3007 128 3070 νιον,
147 2979 192 3065 ὡς
206 2981 397 3074 ιἰνηρηκότα
410 2983 472 3073 τήν
486 2991 683 3074 παιδίσκην,
702 2986 820 3074 φράζει
837 3007 884 3075 τφ
869 2982 993 3073 δήμφ

55 3081 220 3177 τότροῖγμα
239 3085 352 3158 καὶ
316 3115 378 3177 την
398 3085 622 3176 ύνθρωιεον”
600 3113 678 3176 αγει
696 3085 778 3176 μετὰ
797 3113 858 3156 του
845 3083 994 3162 τταιδός

38 3187 83 3268 Ιἐκ
98 3195 151 3278 τῆς
168 3190 286 3280 νύττης.
325 3189 409 3280 τύχη
432 3190 495 3279 μέν
514 3189 557 3280 δή
582 3188 719 3280 τοιαύτη
744 3188 950 3278 χρησόμενος
974 3180 994 3254 ό

56 3292 193 3374 Σιλούιος
213 3292 276 3384 τήν
302 3294 481 3383 είρημένην
507 3300 602 3380 ἔσχεν
624 3289 810 3382 ὀνομασίαν
827 3289 941 3360 καὶτὸ
960 3291 994 3372 ἐξ
1011 3307 1045 3361 ³0

57 3393 167 3466 ἐκείνου
186 3399 283 3486 γέυος
309 3393 419 3485 ἅπαν,
447 3394 509 3485 την
535 3396 572 3466 δέ
598 3401 773 3484 βασιλείαν
792 3382 993 3480 τιαρέλαβεν,
1077 3459 1084 3471 ,

33 3495 153 3589 Πἐτειδή
165 3499 225 3570 τόν
238 3497 388 3590 ύδελφόν
397 3497 501 3570 αύτού
516 3503 708 3585 τελευτῆσαι
719 3499 918 3582 συνέπεσεν,
931 3491 994 3583 ύμ-
