2367 3850
171 101 212 164 20
538 94 765 159 -Α-

173 261 357 351 κτήσαιντο
383 261 516 349 έτίραν,
547 258 610 351 τὴν
636 255 889 349 ὑποδεξαμένην
913 253 1039 337 αὐτοὺς
1067 266 1135 328 εῖτε
1172 316 1173 323 ,

175 364 258 454 πρός
285 369 402 452 φιλίαν
429 375 508 434 εῖτει
522 360 560 434 ἐν
586 366 719 457 πολέμφ
737 375 966 453 κρατηθεῖσαν
988 367 1135 447 πατρίδα

134 472 369 540 ἐποιοῦντο·
395 495 413 536 ο
427 495 464 538 τε
484 466 616 560 θεὸς,
605 495 631 536 ω
620 458 931 556 κατονομασθεῖεν
943 463 1134 536 ἀπελαυνό-

176 599 290 662 μενοι,
310 569 559 660 συλλαμβάνειν
578 567 691 650 αὐτοῖς
705 565 750 651 ὡς
767 569 808 640 τοὶ
828 568 935 640 πολλὰ
950 567 1060 638 ἐδόκει
1078 569 1136 638 καί
1169 596 1174 643 ι

25 719 30 729 ,
143 697 160 750 ο
178 673 267 799 παρὰ
279 673 340 763 τὴν
353 671 575 764 ἀνθρωπίνην
589 675 690 757 δόξαν
698 680 889 805 κατορθοῦν
898 672 956 753 τὰς
968 670 1176 761 ἀποικίας

176 779 283 872 τούτω
304 775 345 866 δὴ
366 806 411 870 ιφ
433 777 525 870 νόμην
546 776 709 866 χρώμενοι
726 780 783 846 καὶ
797 776 870 846 τότε
888 782 956 846 των
965 773 1136 864 Ἀβοριγί·
1151 730 1176 877 ⁴6

177 909 248 952 νων
260 881 347 960 τινες
361 877 561 951 ἀνθούντων
574 878 779 974 οίνδρόσι.
733 908 801 950 των
822 889 961 968 χωρίων
975 884 1175 964 (κτείνειν

177 983 242 1074 γὰρ
255 982 377 1054 οὐδένα
391 988 459 1052 τῶν
472 983 622 1071 ἐκγόνων
633 981 760 1073 ἠξίουν,
773 980 876 1071 ἄγους
888 979 1029 1061 ον’δευός
1038 987 1138 1052 ἔλατ·

178 1115 237 1158 τον
261 1093 360 1156 τοῦτο
384 1087 587 1175 τιθέμενοι),
609 1092 704 1157 θεῶν
724 1083 790 1179 ότφ
810 1085 853 1176 δὴ
866 1084 1140 1171 καθιερώσαντες
1175 1152 1176 1155 ,

128 1215 161 1270 10
177 1194 367 1270 ἐνιαυσίους
381 1189 481 1277 γονὰς
493 1188 732 1278 ἀνδρωθέντας
745 1187 950 1272 ἀποικίζουσι
964 1186 1043 1269 τούς
1055 1205 1139 1258 παῖ·

179 1297 239 1376 δας
254 1297 290 1363 ἐκ
305 1298 361 1382 τῆς
377 1296 554 1382 σφετέρας,
568 1301 603 1363 οἳ
612 1292 690 1373 τοός
702 1290 867 1373 Σικελοός
879 1289 1015 1379 ἄγοντές
1028 1292 1141 1362 τεκαὶ
1176 1282 1177 1357 ³

178 1399 337 1486 φέροντες
352 1398 539 1482 διετέλουν,
555 1395 671 1486 ἐπειδὴ
685 1394 746 1485 την
759 1397 890 1466 ἑαυτῶν
903 1396 1063 1478 ἐξέλιπον.
1093 1389 1142 1474 ὥς

179 1497 211 1572 6'
225 1496 311 1582 ἅπαξ
326 1489 418 1568 οὗτοι
431 1507 563 1590 χωρίων
576 1504 680 1570 τινοῖν
691 1506 749 1588 τῆς
767 1507 926 1587 πολεμίας
939 1497 1142 1586 ἐκρότησαν,

179 1607 216 1674 ἐκ
237 1608 297 1674 τοῦ
319 1599 568 1692 ἀσφαλεστέρου
587 1600 652 1692 ἤδη
672 1604 728 1672 καί
749 1608 784 1672 οῖ
806 1603 917 1672 λοιποί
934 1598 1144 1691 Ἀβοριγῖνες
1177 1604 1178 1613 ’

8 1793 9 1796 ¹
88 1719 91 1726 '
130 1721 161 1773 15
179 1713 213 1778 οί
230 1705 382 1796 δεόμενοι
407 1712 469 1794 γῆς
488 1703 571 1776 κατὰ
591 1711 679 1791 σφᾶς
696 1709 829 1775 ἕκαστοι
849 1707 1047 1793 ἐπεχείρουν
1067 1719 1143 1785 τοῖς

177 1807 310 1898 ὁμόροις
333 1810 390 1879 καί
408 1808 519 1890 πόλεις
545 1817 681 1880 ἔκτισαν
699 1806 802 1887 ἄλλος
821 1810 859 1878 τέ
881 1835 976 1909 τινας
1001 1805 1143 1888 καὶτὰς

178 1914 273 2003 μέχρι
292 1916 392 1983 τοῦδε
409 1914 623 2003 οἰκουμένας,
640 1909 860 2002 Ἀντεμνάτας
878 1913 935 1982 καὶ
959 1919 1143 2000 Τελληνεῖς

178 2018 235 2087 καὶ
257 2018 459 2098 Φικολνέους
480 2014 557 2097 τοὺς
581 2016 664 2105 πρὸς
680 2032 750 2097 τοῖς
771 2018 991 2105 καλουμένοις
1009 2023 1141 2103 Κορνί-

178 2128 269 2200 κλοις
290 2116 381 2207 όρεσι
402 2122 459 2191 καὶ
484 2126 739 2208 Τιβουρτίνους,
767 2109 849 2208 παρ’
869 2114 920 2199 οἷς
939 2124 989 2189 ἐτι
1008 2120 1067 2189 καί
1090 2125 1145 2198 είς

128 2229 162 2281 20
179 2222 255 2293 τόδε
268 2222 392 2311 χρόνον
411 2226 510 2311 μέρος
523 2250 555 2292 τι
569 2229 627 2311 τῆς
647 2223 775 2303 πόλεως
792 2218 987 2311 ὀνομάζεται
998 2230 1142 2293 Σικελι·

178 2326 255 2396 κόν·
274 2328 330 2395 καί
348 2316 436 2415 ἦσαν
452 2324 611 2397 ἁπάντων
623 2327 767 2415 μάλιστα
784 2328 853 2395 τῶν
865 2324 1143 2414 προσοικούντων
1159 2332 1180 2383 4!

31 2520 34 2527 Δ
178 2431 321 2520 λυπηροὶ
340 2446 410 2510 τοῖς
422 2440 587 2509 Σικελοῖς.
625 2427 799 2499 ἀνίσταται
819 2427 857 2497 66
874 2431 912 2497 ἐκ
925 2427 1055 2498 τούτων
1067 2434 1145 2498 τῶν

86 2537 90 2543 ’
180 2537 353 2620 διαφοραῖν
378 2550 447 2615 τοῖς
473 2540 612 2604 ἔθνεσιν
637 2528 726 2613 ὅλοις
752 2532 894 2620 πόλεμος
918 2528 996 2612 ὅσος
1024 2528 1144 2613 οὐδεὶς

178 2662 247 2703 τον
274 2635 436 2724 πρότερον
460 2639 652 2726 γενομένων
673 2639 712 2706 έν
727 2632 865 2727 Ἰταλίη,
885 2636 943 2705 καί
963 2639 1144 2725 προῆλθεν

128 2750 161 2803 25
178 2734 254 2825 α”χρι
268 2744 394 2808 πολλοῦ
407 2740 515 2833 χρόνφ
529 2738 769 2829 μηκυνόμενος.

254 2840 357 2911 XVII.
378 2839 515 2912 Ἔπειτα
540 2848 728 2930 Πελασγῶν
752 2868 842 2921 τινες
861 2845 933 2911 τεόν
951 2837 1145 2911 οἰκούντων

164 2946 216 3013 ·ἐν
236 2950 277 3033 τῇ
298 2947 488 3034 καλουμένη
506 2949 572 3015 νῦν
586 2952 749 3037 Θετταλίᾳ
765 2942 828 3035 τὴν
840 2945 970 3015 ἑαυτόν
987 2940 1142 3030 ἀναγκα-

177 3049 316 3127 σθέντες
340 3050 490 3118 ἐκλιπεῖν
510 3047 662 3119 σύνοικοι
689 3055 842 3134 γίνονται
864 3062 933 3128 τοῖς
952 3044 1144 3172 Ἀβοριγῖσι

177 3152 233 3219 καί
256 3155 354 3238 κοινῇ
374 3178 433 3239 μετ
440 3148 605 3277 ’ἐκείνων
624 3154 808 3239 ἐπολέμουν
834 3149 918 3236 πρὸς
935 3148 1014 3230 τούς
1034 3158 1142 3219 Σικε-

126 3270 159 3321 30
176 3252 264 3333 λαός.
296 3255 510 3379 ἐδίξαντοδδ
530 3250 652 3336 αότοός
678 3260 713 3325 σί
731 3252 952 3342 Ἀβοριγῖνες
971 3264 1052 3331 ῖσως
1074 3280 1143 3337 μεν

176 3358 231 3425 καί
245 3356 328 3427 κατὰ
342 3386 404 3448 την
418 3363 478 3429 τοῦ
497 3354 782 3449 ὠφεληθησεσθαι
799 3351 982 3441 ἐλπίδα,
958 3384 1002 3479 φς
1020 3352 1053 3425 δ’
1069 3354 1143 3440 ἐγώ

176 3466 337 3550 πείθομαι
357 3462 440 3549 κατὰ
453 3490 491 3534 το
481 3460 674 3550 συγγενές
690 3461 842 3551 μάλιστα
876 3451 920 3548 ἦν
932 3458 997 3549 γὰρ
1017 3456 1060 3547 δη
1078 3460 1142 3529 καί
