2367 3850
400 107 635 168 -Β-
935 107 994 170 195

46 271 96 342 καί
108 264 149 338 ού
161 268 254 341 πάνυ
267 266 436 360 εὐτυχεῖς,
463 265 548 339 ὥστε
562 265 610 338 δι’
625 272 751 340 οίωνού
762 267 995 358 λαμβάνουσαι

45 372 98 454 τάς
122 377 262 444 ἐκείνων
281 371 455 464 συμφοράς
473 376 512 442 αλ
529 374 643 443 λοιπαὶ
669 375 835 463 παρθένοι
853 374 992 463 μένουσι

44 475 128 565 παρὰ
151 484 194 568 τῇ
212 483 285 571 θεῷ
308 481 405 570 μέχρι
425 473 595 562 θανάτου,
628 475 702 546 τότε
726 475 764 547 δέ
786 482 834 558 είς
855 475 915 547 τόν
933 483 991 567 τῆς

45 581 237 669 ἐκλιπούσης
255 577 403 673 άριθμόν
422 581 517 669 ἑτέρα
530 579 633 650 πάλιν
653 575 720 649 ὑπὸ
738 584 806 650 τοῖν
830 583 989 670 ἱεροφαν-

44 681 361 756 τύνάποδείκννται.
380 684 473 772 τιμαὶ
487 683 524 754 δέ
537 680 654 764 αύταῖς
669 679 891 754 ἀποδέδονται
901 681 990 774 παρὰ
1006 701 1024 752 ο

45 795 94 877 τῆς
111 787 242 869 πόλεως
264 790 383 862 πολλοὶ
403 789 459 858 καὶ
481 788 599 875 καλαὶ,
629 782 677 856 δι’
699 783 738 867 άς
757 784 836 857 οὔτε
857 791 990 858 παίδων

24 890 151 973 ιαύταῖς
164 895 235 962 ἐστι
248 891 353 973 πόθος
365 887 443 962 οὔτε
462 889 597 979 γάμων,
623 897 777 980 τιμωρίαι
790 917 826 960 τε
846 892 901 962 ἐπὶ
920 907 990 974 τοῖς

45 991 319 1085 ἁμαρτανομένοις
344 1010 472 1066 κεῖνται
498 993 658 1084 μεγάλαι,
687 985 737 1064 τόν
762 996 934 1077 ἐξετασταί
951 1021 989 1064 τε

45 1100 93 1168 καὶ
116 1100 278 1170 κολασταὶ
296 1097 381 1170 κατά
399 1097 505 1188 νόμον
530 1097 616 1168 είσλν
635 1101 669 1166 οί
690 1097 904 1188 ἱεροφάνται,
931 1095 988 1179 τάς

45 1203 98 1290 μὲν
112 1199 196 1272 ἄλλο
217 1231 250 1273 τι
267 1209 338 1273 τῶν
359 1201 547 1273 ἐλαττόνων
570 1195 825 1291 ἁμαρτανούσας
851 1200 988 1291 βάβδοις
1007 1215 1040 1268 ιο

46 1311 290 1394 μαστιγοῦντες,
321 1305 380 1387 τάς
407 1305 445 1375 δὲ
471 1310 660 1394 φθαρείσας
688 1310 843 1400 αίσχίστφ
870 1305 988 1374 τεκαὶ

47 1409 250 1503 ἐλεεινοτάτῳ
273 1407 516 1498 παραδιδόντες
543 1405 692 1502 θανάτφ.
725 1413 825 1494 ζῶσαι
848 1404 912 1498 γάρ
939 1413 988 1478 ἔτι

48 1513 269 1601 πομπεύουσιν
281 1515 336 1584 ἐπί
349 1520 465 1602 κλίνης
477 1511 661 1602 φερόμεναι
674 1507 735 1601 τὴν
747 1507 987 1600 άποδεδειγμέ·
1074 1533 1079 1542 ’

47 1644 98 1703 νην
109 1632 178 1697 τοῖς
191 1632 322 1705 νεκροῖς
335 1614 501 1706 ἐκφοράν,
528 1612 803 1702 ἀνακλαιομένων
816 1610 917 1695 αύτάς
931 1617 988 1684 καὶ

48 1719 300 1810 προπεμπόντων
312 1726 423 1810 φίλων
435 1748 471 1791 τε
485 1721 540 1790 καὶ
555 1721 748 1807 σνγγενοῐν,
774 1729 987 1807 κομισθεῖσαι
1006 1741 1037 1792 15

49 1823 77 1890 δὲ
93 1825 187 1912 μέχρι
200 1828 259 1913 τῆς
273 1831 439 1914 Κολλίνης
449 1822 578 1913 πύλης,
609 1819 702 1904 ἐντός
718 1826 779 1892 τού
797 1827 925 1909 τείχους
939 1829 987 1902 εἰς

48 1926 135 2015 σηκόν
149 1925 216 1997 ὑπὸ
235 1932 296 2016 γῆς
316 1930 623 2017 κατεσκευασμένον
642 1924 710 2016 ἅμα
729 1940 799 2009 τοῖς
818 1929 987 2015 ἐνταφίοις

48 2029 167 2120 κόσμοις
194 2029 346 2101 τίθενται
375 2034 432 2102 καὶ
455 2027 528 2101 οὔτ’
557 2028 776 2121 ἐπιστήματος
804 2026 878 2099 οὔτ’
909 2032 985 2099 ἐνα-

48 2141 162 2223 γισμῶν
174 2130 254 2204 οὔτε
263 2132 367 2205 ἄλλον
380 2140 450 2205 τοῖν
462 2140 614 2225 νομίμων
626 2130 765 2214 ούδενὸς
775 2130 986 2221 τυγχάνουσι.

47 2234 138 2307 πόλλδι
156 2238 218 2328 μὲν
244 2230 307 2307 οὖν
325 2241 381 2309 καλ
402 2235 487 2309 ἄλλα
510 2243 606 2307 δοκεῖ
623 2235 798 2327 μηνύματα
822 2234 909 2305 εἶναι
929 2240 987 2325 τῆς
1003 2258 1037 2309 20

48 2336 95 2427 ούγ
120 2336 220 2423 ὁσίως
246 2338 475 2431 ὑπηρετούσης
499 2356 569 2421 τοῖς
596 2344 715 2429 ἱεροῖς,
741 2337 882 2429 μάλιστα
927 2334 987 2429 δὴ

48 2447 144 2529 σβέσις
167 2450 229 2515 τοῦ
250 2444 372 2534 πυρός,
404 2440 553 2536 ἣνύπὲρ
580 2440 712 2513 ἅπαντα
732 2440 772 2512 τά
797 2436 893 2512 δεινὰ
906 2436 985 2511 Ῥω·

48 2562 123 2632 μαῖοι
135 2553 329 2620 δεδοίκασιν
341 2547 535 2639 άφανισμού
548 2552 606 2637 τῆς
616 2546 742 2627 πόλεως
755 2559 893 2634 σημεῖον
902 2539 985 2613 ὑπο·
1008 2576 1015 2583 ·

23 2652 275 2739 ολαμβάνοντες,
298 2651 360 2742 ἀφ’
382 2643 421 2743 ᾖς
447 2649 523 2722 ποτ’
546 2648 588 2720 ἂν
617 2656 724 2731 αίτίας
748 2650 903 2739 γένηται,
930 2650 987 2719 καὶ

49 2763 170 2836 πολλαῖς
193 2753 275 2826 αύτό
300 2763 497 2845 θεραπείαις
530 2754 777 2843 ἐξιλασκόμενοι
805 2752 986 2843 κατάγουσι
1004 2768 1037 2817 25

50 2856 135 2929 πάλιν
159 2866 206 2939 εἰς
227 2859 264 2931 τό
284 2860 391 2951 ίερόυ·
419 2856 504 2951 ὑπὲρ
525 2850 575 2929 οἷν
591 2855 675 2929 κατὰ
687 2856 747 2928 τὸν
767 2861 893 2929 οἰκεῖον
912 2885 985 2925 και-

50 2958 97 3045 ρόν
116 2965 189 3046 ἐρῶ.

110 3064 255 3135 LXVIII.
271 3065 370 3135 Πάνυ
384 3062 416 3135 δ’
432 3062 527 3149 άξιον
539 3065 597 3134 καὶ
610 3062 671 3153 τὴν
684 3063 884 3153 ἐπιφάνειαν
899 3066 984 3130 ίστο-

50 3171 132 3254 ρηοαι
151 3173 209 3259 τῆς
227 3174 326 3255 θεάς,
358 3165 403 3257 ἣν
421 3170 613 3252 ἐπεδείξατο
632 3183 704 3248 ταῖς
723 3164 846 3243 ἀδίκως
866 3167 984 3253 ἐγκλη-
1098 3172 1102 3181 “

51 3277 164 3353 δείσαις
184 3274 384 3360 παρθένοις,
412 3278 628 3342 πεπίστευται
647 3268 711 3361 γὰρ
731 3263 797 3337 ύπό
806 3263 986 3365 Ῥωμαίων,
1003 3286 1038 3338 30

52 3379 75 3440 εί
90 3377 141 3445 καί
161 3374 333 3463 παράδοξά
352 3377 441 3463 ἐστὶ,
467 3377 524 3446 καὶ
542 3372 651 3445 πολὺν
670 3376 868 3459 πεποίηνται
887 3369 988 3457 λόγον

52 3469 121 3566 ύπὶρ
133 3477 246 3550 αὐτῶν
259 3484 294 3549 οί
303 3494 519 3570 συγγραφεῖς.
546 3474 619 3547 ὅσοι
634 3474 696 3564 μὲν
711 3463 774 3541 οὖν
786 3470 845 3608 τὰς
860 3470 988 3575 άθέους

777 3581 814 3641 13
