2367 3850
169 139 232 202 182
533 137 888 212 --B--¹

165 297 250 370 καθ’
265 294 352 388 ῆμῦς
371 297 503 388 χρόνων
523 295 625 388 ὄχλου
640 299 756 391 φυγῆν
777 308 965 370 καλεῖσθαι.
995 303 1079 368 ἔοικε
1093 295 1125 370 δ’

166 399 209 471 οῦ
221 400 345 492 μικράν
357 399 516 492 άφορμῆν
525 405 684 492 παρέχειν
697 419 767 484 τοῖς
780 406 980 472 θεοποιοῦσι
993 400 1033 471 τά
1045 412 1127 488 θνη-

167 505 208 575 τά
221 505 279 574 καὶ
295 510 344 586 είς
365 503 513 592 οῦρανῦν
531 503 772 596 ἀναβιβάζουσι
786 503 845 586 τὰς
858 503 967 592 ψυχάς
980 504 1049 573 νῦν
1061 507 1127 574 ἐπι-

168 611 290 696 φανῦν
311 606 354 676 τά
366 607 542 696 συμβάντα
556 612 595 679 ἐκ
608 615 668 678 τοῦ
681 615 768 679 θεοῦ
789 609 866 697 περὶ
879 605 943 697 τῆν
955 606 1130 696 σύγκρισιν

134 731 152 783 5
168 714 230 780 τοῦ
243 708 366 800 ἀνδρὸς
387 713 519 782 ἐκείνου
538 713 596 781 καὶ
616 710 678 800 τῆν
693 711 871 801 διάκρισιν.
901 716 940 780 ἐν
954 737 990 779 τε
1004 707 1067 799 γὰρ
1087 737 1130 778 τι

169 818 303 906 βιασμῷ
324 818 382 903 τῆς
402 812 524 904 μητρὸς
538 811 645 884 αὐτοῦ
668 812 735 884 εἴθ’
751 810 810 882 ὑπ’
827 811 1025 901 ἀνθρώπων
1045 809 1131 891 τινὸς
1172 831 1174 846 ²

171 913 240 985 εἴθ’
258 912 325 985 ῦπὸ
346 923 432 986 θεοῦ
452 919 625 1010 γενομένῳ
659 915 719 987 τὸν
742 913 839 1006 ῆλιον
858 919 1009 986 ἐκλιπεῖν
1030 935 1132 1002 φασιν
1145 971 1162 1007 ,

57 1015 60 1018 ⁴
169 1015 250 1087 ῦλον
268 1020 324 1087 καί
343 1018 462 1100 σκότος
479 1025 653 1100 παντελῶς
671 1017 782 1108 ὥσπερ
805 1020 844 1088 ἐν
864 1019 962 1090 ννκτλ
986 1014 1049 1104 τῆν
1071 1020 1133 1104 γῆν
1174 1047 1175 1058 ’

168 1137 348 1209 κατασχεῖν
373 1127 411 1191 ἐν
430 1149 467 1192 τε
488 1127 531 1211 τῆ
551 1128 693 1212 τελευτῇ
715 1119 822 1192 αὐτοῦ
845 1117 945 1191 ταῦτὰ
964 1123 1133 1209 συμβῆναι

8 1311 9 1314 ¹
120 1246 152 1298 10
169 1225 304 1312 λέγουσι
320 1225 439 1305 πάθος.
468 1221 487 1294 δ
501 1225 564 1313 μὲν
578 1223 620 1314 δὴ
634 1233 748 1306 κτίσας
761 1223 822 1314 τῆν
831 1220 958 1313 Ῥύμην
972 1224 1027 1292 καὶ
1041 1225 1131 1312 πρω-
1175 1227 1176 1230 ’

168 1353 224 1406 τος
236 1325 452 1415 άποδειχθεὶς
474 1324 536 1398 ὑπ’
551 1325 654 1416 αὐτῆς
667 1326 825 1416 βασιλεῦς
842 1323 1005 1414 Ῥωμύλος
1019 1324 1131 1394 τοιαύ-
1175 1341 1176 1346 ’

169 1456 228 1517 της
254 1431 385 1518 λέγεται
414 1437 571 1520 τελευτῆς
598 1445 729 1520 τυχεῖν,
769 1427 932 1519 οὐδεμίαν
965 1431 998 1512 ἐξ
1026 1423 1133 1496 αύτοῦ

168 1531 292 1620 γενεάν
305 1533 500 1604 καταλιπών
507 1587 516 1621 ,
532 1532 615 1604 ἑπτά
627 1535 691 1623 μὲν
703 1541 760 1623 ἐτη
773 1534 830 1603 καὶ
842 1529 1021 1623 τριάκοντα
1034 1537 1132 1619 βασι·

168 1636 309 1723 λεύσας,
330 1635 557 1725 πεντηκοστὸν
572 1637 680 1707 δὲκαὶ
707 1637 858 1725 πέμπτου
875 1640 947 1714 ἔτος
961 1641 1049 1721 ἔχων
1067 1630 1133 1704 άπὸ
1150 1645 1178 1722 κῆ

119 1764 152 1815 15
169 1744 297 1826 γενεάς.
324 1740 400 1819 νέος
413 1739 477 1829 γάρ
492 1737 535 1829 δῆ
548 1739 762 1810 παντάπασιν
776 1743 872 1826 ἔτυχε
883 1742 942 1826 τῆς
955 1733 1135 1825 ἡγεμονίας

168 1838 482 1930 ὀκτωκαιδεκαέτης,
490 1837 535 1922 ῦς
547 1840 693 1925 ἅπαντες
705 1837 927 1933 ὁμολογοῦσιν
939 1845 975 1909 οἱ
983 1837 1043 1920 τάς
1057 1841 1135 1931 περὶ

168 1940 275 2013 αῦτοῦ
292 1945 547 2032 συγγράψαντες
560 1952 716 2037 ἱστορίας.

246 2046 346 2117 LVII.
371 2053 426 2140 Τῷ
446 2045 482 2117 δ’
496 2050 569 2138 ἑξῆς
591 2052 737 2142 ἐνιαυτῷ
756 2043 914 2134 βασιλεῦς
939 2044 1003 2135 μὲν
1021 2042 1135 2126 οὐδεὶς

168 2148 356 2239 ἀπεδείχθη
367 2147 552 2240 Ῥωμαίων,
575 2150 660 2242 άρχῆ
674 2154 714 2221 δί
731 2177 801 2236 τις,
819 2146 863 2238 ῆν
877 2153 1017 2217 καλοῦσι
1033 2170 1134 2238 μεσο-

118 2270 152 2322 20
168 2262 357 2343 βασίλειον,
380 2259 571 2342 ἐπεμελεῖτο
585 2261 654 2325 των
666 2258 791 2325 κοινοῦν
810 2253 944 2323 τοιόνδέ
960 2278 1037 2321 τινα
1058 2252 1134 2339 τρό-

169 2382 236 2427 πον
256 2354 547 2447 ἀποδεικνυμένη·
568 2361 838 2445 τῦνπατρικίων
853 2360 888 2425 οί
898 2357 1133 2455 καταγραφέν-

48 2464 56 2480 ‘
168 2486 222 2539 τες
242 2466 290 2541 είς
304 2458 367 2550 τῆν
381 2460 510 2550 βουλῆν
533 2456 789 2549 ῦπδῬωμύλον
805 2458 970 2529 διακόσιοι
983 2455 1043 2527 τὸν
1058 2454 1134 2549 ἄρι-

168 2561 260 2649 θμδν
273 2560 385 2651 ὄντες,
400 2561 513 2652 ὥσπερ
527 2571 630 2652 ἔφην,
646 2562 894 2651 διενεμήθησαν
910 2568 957 2642 είς
970 2562 1132 2657 δεκάδας·

169 2668 284 2733 ἔπειτα
305 2666 611 2756 διακληρωσάμενοι
631 2682 700 2745 τοῖς
726 2669 864 2752 λαχοῦσι
887 2667 968 2733 δίκα
988 2661 1133 2750 πράτοις
1169 2692 1171 2701 “

118 2786 153 2838 25
169 2762 350 2836 ἀπέδωκαν
370 2765 486 2857 άρχειν
507 2773 566 2858 τῆς
583 2768 712 2849 πόλεως
732 2766 794 2855 τῆν
816 2764 1044 2854 αὐτοκράτορα
1071 2763 1130 2853 άρ-

167 2867 241 2957 χῆν.
275 2871 397 2939 ἐκεῖνοι
418 2868 449 2939 δ’
465 2869 527 2958 οῦχ
540 2869 612 2961 ἅμα,
623 2871 745 2950 πάντες
761 2872 977 2957 ἐβασίλευον,
998 2863 1074 2937 ἀλλ’
1094 2872 1132 2937 ἐκ

169 2977 326 3062 διαδοχῆς
337 2966 462 3062 ῆμέρας
475 2976 575 3044 πέντε
588 2978 725 3054 ἕκαστος
732 3024 741 3058 ,
754 2974 791 3042 ἐν
805 2966 858 3051 αἶς
867 2970 925 3051 τάς
933 2997 970 3039 τε
982 2968 1133 3061 ῥάβδους

168 3075 237 3163 εἶχε
256 3074 371 3145 καὶτὰ
397 3075 496 3145 λοιπά
518 3081 575 3165 τῆς
589 3080 763 3165 βασιλικῆς
790 3077 942 3157 ἐξουσίας
968 3072 1132 3161 σύμβολα.

168 3184 355 3267 παρεδίδου
374 3175 443 3248 δ’ὁ
463 3184 592 3269 πρῶτος
615 3177 716 3269 άρξας
736 3182 783 3272 τῷ
803 3178 950 3270 δευτέρῳ
971 3175 1034 3264 τῆν
1050 3171 1131 3264 ῆγε-

118 3298 153 3351 30
168 3288 290 3369 μονίαν
303 3279 457 3363 κάκεῖνος
469 3287 517 3376 τῷ
528 3289 630 3375 τρίτῳ
644 3284 700 3352 καί
714 3277 807 3352 τοῦτ’
818 3284 946 3369 ἐγίνετο
958 3280 1055 3367 μέχρι
1069 3283 1131 3347 τοῦ

168 3392 372 3455 τελευταίου.
406 3385 644 3473 διεξελθούσης
663 3385 700 3454 δέ
720 3398 788 3465 τοῖς
801 3383 944 3472 πράτοις
958 3382 1038 3453 δέκα
1055 3386 1129 3469 [βα-

171 3489 377 3576 σιλεῦσι1τῆς
386 3493 706 3579 πεντηκονθημέρου
715 3494 922 3578 προθεσμίας
932 3490 1039 3577 ἕτερον
1049 3486 1131 3555 δίκα
