2367 3850
163 147 226 210 250
521 145 749 205 -Γ-

163 295 258 378 άδιά
275 311 400 396 πολλῆς
422 301 602 397 φροντίδος
622 306 948 394 παρασκευασθέντα
965 305 1067 376 ίκανὰ
1081 307 1126 377 εί-

162 439 219 480 υαι
235 416 330 482 δοκεῖ
341 439 397 499 μοι
411 410 538 498 θάρσος
559 437 597 479 τε
617 412 673 478 καὶ
694 416 891 498 προθυμίαν
903 414 961 498 τῆς
981 407 1125 480 ἀποστά-

163 534 247 592 σεως
256 511 338 602 ύμῖν
347 527 540 602 παρασχεῖν.
555 509 596 583 ὃν
607 512 779 601 δὲτρόπον
790 515 972 601 ἐπιχειρεῖν
981 517 1028 606 τῷ
1039 520 1126 604 ἔργφ

163 616 407 704 βεβούλευμαι,
422 613 516 684 ταῦτ’
534 611 700 689 ἀκούσατέ
715 637 796 702 μου·
812 615 908 698 τάξιν
924 615 988 704 μὲν
1001 612 1124 684 ἄποδά·

129 737 146 788 ο
165 719 254 790 δωκέ
264 745 320 806 μοι
340 717 464 798 Τύλλος
479 716 540 806 τῆν
554 713 622 788 ὑπὸ
641 719 690 810 τῷ
703 715 777 805 όρει
788 720 846 786 καῖ
859 717 991 787 κελεύει
1004 744 1047 805 με
1060 728 1124 786 θα·

162 821 261 907 τέρου
280 825 350 888 τῶν
369 820 520 911 κεράτων
536 817 671 910 άρχειν,
686 817 774 897 ,ὅταν
788 820 826 889 δὲ
838 823 1015 908 μέλλωμεν
1026 815 1127 907 ὁμόσε

163 938 232 1002 τοῖς
246 929 415 1012 πολεμίοις
428 939 569 1013 χωρεῖν,
584 922 674 1013 άρξω
686 923 750 1011 μὲν
760 920 826 1011 ε’γοδ
840 922 944 1002 λύσας
956 921 1020 1012 τῆν
1031 922 1127 1004 τάξιν

163 1026 217 1096 ἐπὶ
229 1023 266 1093 τό
281 1023 358 1114 ὅρος
371 1024 485 1115 άγειν,
504 1023 757 1114 ’ἀκολουθήσετε
777 1027 817 1094 δέ
827 1051 883 1114 μοι
896 1021 993 1114 ὑμεῖς
1006 1044 1127 1094 συντε-

162 1131 346 1215 ταγμένους
372 1126 509 1218 ἄγοντες
534 1127 613 1209 τούς
638 1128 767 1216 λόχους.
808 1124 978 1216 δασάμενος
1000 1128 1040 1199 δὲ
1059 1133 1129 1196 ταῖν

50 1251 56 1269 *
114 1251 146 1304 10
164 1227 278 1318 ἄκρων
297 1233 354 1300 καλ
374 1234 412 1302 ἐν
432 1239 479 1326 τῷ
492 1229 647 1319 άσφαλεῖ
665 1226 846 1319 γενόμενος
864 1238 942 1300 τίνα
958 1229 1127 1319 χρήσομαι
1141 1244 1180 1293 478

162 1333 288 1420 τρόπον
315 1349 383 1414 τοῖς
406 1332 489 1423 μετὰ
510 1340 615 1403 ταῦτα
642 1333 834 1422 πράγμασιν
856 1330 1024 1403 ἀκούσατέ
1044 1355 1127 1421 μου·

162 1434 223 1504 ἐάν
240 1432 391 1524 μδυύρύ
407 1435 490 1506 κατά
504 1436 644 1526 γνάμηυ
662 1434 686 1506 δι’
708 1443 932 1523 διαλογίζομαι
949 1435 1128 1525 χωροῦντά

162 1563 218 1627 μοι
244 1540 300 1608 καὶ
319 1551 459 1629 θρασεῖς
478 1541 540 1628 μὲν
560 1538 739 1628 γεγονότας
761 1536 840 1619 τούς
860 1547 1058 1627 πολεμίους,
1083 1535 1129 1618 ὡς

161 1637 257 1730 ῆμοῖν
271 1638 384 1722 αὐτοῖς
393 1641 709 1733 συλλαμβανόντων,
721 1640 902 1721 ταπεινούς
914 1642 952 1710 δὲ
962 1643 1019 1710 καὶ
1027 1667 1127 1730 περι·

113 1769 145 1822 15
162 1743 290 1832 φόβους
300 1741 503 1832 Ῥωμαίους,
520 1743 564 1826 ὡς
575 1747 841 1836 προδεδομένους
855 1741 919 1832 ὑφ’
930 1740 1044 1833 ῆμῶυ,
1057 1771 1125 1832 φυ-

162 1849 223 1934 γῆς
245 1873 281 1915 τε
303 1851 430 1936 μᾶλλον
448 1844 470 1935 ῆ
490 1845 592 1938 ἀλκῆς
613 1848 897 1939 προνοουμένους,
918 1844 1004 1936 ὅπερ
1024 1844 1126 1935 εἰκὸς,

162 1947 366 2038 ἐπιθήσομαι
387 1947 500 2031 αὐτοῖς
514 1955 569 2022 καλ
582 1951 704 2041 μεστὸν
722 1949 852 2037 ποιῆσω
865 1955 998 2038 νεκρῶν
1013 1948 1053 2018 τὸ
1065 1976 1126 2020 πε-

43 2076 45 2079 ’
163 2056 238 2121 δίον
260 2054 294 2135 ἐξ
317 2048 519 2141 ὑπερδεξίου
540 2082 576 2124 τε
603 2052 728 2125 κατιιύν
749 2056 805 2123 ἐπὶ
823 2050 864 2129 τὸ
888 2053 1015 2143 πρανὲς
1035 2064 1125 2142 θαρ-

162 2153 266 2243 ρούση
277 2180 313 2223 τε
328 2158 383 2225 καὶ
392 2160 640 2247 συντεταγμένῃ
656 2156 796 2246 δυνάμει
808 2155 890 2246 πρὸς
900 2158 1127 2243 ἐπτοημένους

111 2278 144 2329 20
161 2254 369 2345 άυθράπονς
388 2260 659 2349 προσφερόμενος
681 2261 738 2329 καὶ
759 2261 938 2348 σποράδας.
979 2258 1076 2347 δεινὴ
1090 2256 1127 2328 δ’

161 2362 199 2429 ἐν
216 2376 285 2441 τοῖς
306 2361 461 2449 πολέμοις
475 2364 532 2431 καὶ
552 2360 643 2451 ῆδιά
656 2367 756 2450 κενῆς
770 2365 980 2450 ἐμπίπτουσα
996 2366 1126 2450 προδο-

161 2467 234 2541 σίας
255 2463 439 2553 σνμμάχων
460 2460 480 2552 ῆ
502 2470 672 2552 πολεμίων
690 2461 804 2534 ἄλλων
821 2464 949 2552 ἐφόδου
975 2462 1126 2551 δόκησις,

161 2566 217 2635 καὶ
240 2565 346 2635 πολλά
363 2565 428 2657 ῆδη
442 2567 670 2655 στρατεύματα
692 2566 822 2655 μεγάλα
833 2564 893 2637 ὑπ’
910 2564 1051 2647 οὐδενός
1064 2565 1124 2636 ού-

160 2694 224 2745 τως
245 2670 359 2756 ἑτέρον
381 2675 532 2759 φοβεροῦ
551 2669 747 2759 παθήματος
765 2665 810 2751 ὥς
822 2667 889 2740 ύπὸ
905 2670 1002 2757 δόξης
1023 2673 1126 2759 κενῆς

110 2792 143 2843 25
161 2779 258 2857 ίσμεν
278 2768 483 2859 πανώλεθρα
506 2776 748 2861 διαφθαρέντα.
788 2771 827 2842 τὸ
849 2769 883 2841 δ’
899 2770 1062 2861 ἡμέτερον
1083 2769 1127 2844 οὗ

27 2866 29 2870 ’
160 2872 257 2961 λόγος
284 2878 376 2943 ἔσται
402 2872 498 2954 κενός
524 2872 601 2947 οὐδ’
631 2873 761 2964 άφανδς
788 2880 903 2964 δεῖμα,
929 2872 1007 2945 ἀλλ’
1022 2882 1126 2963 ἔργον

159 2972 288 3065 ἁπάσης
310 2974 418 3061 όιγεως
439 2979 494 3046 καλ
517 2984 633 3067 πείρας
654 2976 897 3066 φοβερώτερον.
927 2976 988 3049 ἐὰν
1005 2973 1041 3045 δ’
1056 2975 1125 3066 ἄρα

158 3077 319 3151 τάναντία
338 3085 407 3149 τάν
427 3083 672 3168 λελογισμένων
691 3080 852 3169 γινόμενα
866 3075 935 3167 ὁριό
956 3080 1124 3167 (λεγέσθω
1141 3102 1181 3151 47

159 3179 223 3269 γάρ
251 3186 307 3253 καὶ
337 3182 377 3253 τά
408 3180 498 3271 παρὰ
524 3182 582 3261 τάς
611 3181 830 3271 ἀνθρωπίνας
853 3182 951 3266 δόξας
977 3182 1124 3253 εἰωθότα

110 3304 143 3357 30
161 3281 329 3371 ἀπαντᾶν,
352 3284 467 3375 ἐπειδὴ
487 3283 592 3355 πολλά
607 3284 719 3355 καὶτὰ
740 3284 918 3374 μῆείκότα
931 3290 966 3355 oc
977 3291 1047 3373 βίοι
1058 3289 1122 3373 φό-

161 3394 271 3471 ρουσι)
288 3384 448 3456 τάυαντία
461 3390 517 3456 καὶ
531 3383 632 3465 αὐτὸς
646 3377 696 3457 οἷν
709 3385 909 3478 προύθίμην
922 3389 1122 3477 ἐπιχειρήσω

162 3500 280 3554 ποιεῖν.
314 3485 381 3569 άξεο
402 3488 466 3579 γάρ
486 3486 572 3581 ύμάς
587 3490 641 3559 ἐπὶ
654 3487 732 3569 τούς
751 3498 930 3579 πολεμίους
952 3488 1021 3581 ἅμα
1037 3488 1120 3562 Ῥω-

105 3753 137 3811 λ
