2367 3850
293 117 628 184 x-F-
928 122 989 186 221

16 283 144 369 γενέσι
156 281 213 352 καὶ
226 285 339 368 φίλοις
357 278 440 370 πρός
460 277 640 372 ἀλλήλους,
663 285 701 353 έν
712 276 766 365 αἷς
779 278 882 354 οὐδέν
899 283 991 355 ἐστιν

18 392 169 474 ἔγκοτον
181 381 260 454 ούτε
274 389 484 474 μνησίκακον
498 383 649 474 ἀφέσεως
662 383 765 460 ἀπασι
784 384 868 477 πρὸς
879 383 988 456 ἀπαν-

17 515 86 568 τας
111 483 200 577 ὑπὲρ
225 478 276 556 τόν
296 492 446 577 ἔδρασαν
464 484 488 576 ή
507 496 639 560 ἔπαθον
657 486 782 560 ἀδόλου
798 492 987 579 γινομένης,

16 581 129 680 ἦττον
150 590 187 660 δέ
209 588 340 660 τούτων
361 587 560 681 εύπρεπελς,
587 595 631 664 έν
646 587 699 673 αἷς
718 591 755 662 τό
776 592 838 682 μὲν
858 596 988 682 πλῆθος

15 689 211 764 ἀπολύεται
234 696 303 763 τόν
324 693 557 784 ἐγκλημάτων,
582 699 619 764 οί
630 695 668 764 δὲ
688 692 907 785 ἀδικήσαντες
926 692 987 766 ἀλ-
1004 708 1021 760 ο

16 795 153 885 λήλους
168 793 411 884 ἀναγκάζονται
426 802 520 878 δίκας
538 792 677 886 ἀπέχειν
691 797 780 891 λόγῳ
794 800 987 888 κρινόμενοι

16 901 82 971 καλ
98 898 201 992 νόμφ.
225 897 371 969 «τούτων.
382 897 425 988 δή
437 903 507 969 τοῖν
521 905 713 988 διαλλαγῶν
731 903 804 990 ἐμοὶ
817 901 879 991 μέν
894 907 990 972 δοκεῖ

16 1008 150 1092 χρῆναι
162 999 221 1082 τάς
235 998 501 1092 εὐπρεπεστέρας
513 1003 571 1072 καλ
580 1006 891 1094 μεγαλοψυχοτέρας
903 1000 987 1094 ἡμᾶς

17 1107 166 1177 ἑλέσθαι
187 1106 244 1174 καλ
258 1102 397 1195 γνοόμην
417 1107 544 1176 θέσθαι
564 1108 641 1196 περὶ
661 1105 804 1196 μηδενὸς
825 1104 909 1197 ἡμᾶς
927 1103 985 1189 ἀλ,-

18 1209 141 1298 λήλοις
167 1225 404 1296 μνησικακεῖν,
432 1206 476 1278 σύ
503 1206 535 1280 δ’
565 1216 598 1280 εί
621 1207 667 1298 μή
686 1209 803 1299 βούλει
830 1207 984 1280 διαλλάτ-
1004 1223 1037 1276 10

19 1322 150 1382 τεσθαι
165 1315 285 1380 τοῦτον
304 1309 364 1382 τόν
386 1311 530 1400 τρόπον,
557 1303 726 1398 dmm,
753 1310 836 1384 ἀλλά
857 1315 913 1383 καλ
933 1316 984 1381 δι·
1094 1361 1096 1365 -

23 1413 127 1484 δόυαι
143 1418 239 1493 δίκας
254 1415 311 1485 καὶ
324 1414 511 1504 λαμβάνειν
523 1410 627 1497 ἀξιοῖς
639 1413 717 1497 τούς
731 1418 769 1486 έν
781 1431 854 1496 ταῖς
866 1421 987 1495 αἰτίαις

23 1513 111 1606 παρ’
131 1514 306 1606 ἀλλήλων,
329 1523 454 1607 ἕτοιμοι
473 1519 652 1588 καὶταῦτα
675 1533 786 1589 ποιεῖν
809 1526 895 1590 εἰσιν
912 1515 984 1587 Ἀλ-

22 1620 125 1708 βανοὶ
139 1618 179 1689 τὰ
200 1617 297 1691 κοινά
317 1627 403 1709 ἔχθη
419 1619 761 1710 προκαταλυσάμενοι.
797 1629 829 1691 εί
842 1623 881 1692 δέ
893 1647 987 1700 τινας

24 1732 113 1811 ἔχεις
128 1722 220 1812 παρὰ
232 1721 356 1804 ταύτας
373 1726 485 1812 λέγειν
500 1725 613 1812 ἑτέρας
633 1733 699 1794 είτε
714 1729 872 1805 καλλίους
890 1728 983 1793 διαλ-
1004 1741 1036 1794 15

24 1823 131 1914 λαγάς
154 1837 220 1896 εἴτε
241 1827 466 1917 δικαιοτέρας,
490 1823 554 1896 ούκ
571 1821 616 1896 ἀν
636 1826 783 1915 φθάνοις
802 1815 919 1917 φέρων
939 1833 986 1908 είς

24 1932 129 2019 μέσον
144 1930 201 2000 καλ
212 1930 341 2020 πολλήν
354 1952 408 2000 σοι
420 1929 521 2020 χάριν
533 1940 674 2019 είσομαι.

106 2032 206 2103 Vssss.
233 2030 337 2104 Ταῦτ’
352 2032 504 2115 εἰπόντος
516 2038 578 2102 τοῦ
600 2036 812 2121 Φουφεττίου
832 2041 982 2122 παραλα-

25 2132 99 2224 βιόν
113 2134 174 2206 τόν
191 2135 294 2225 λόγον
306 2132 325 2209 δ
337 2141 406 2207 τῶν
417 2132 589 2226 Ῥωμαίων
602 2133 761 2225 βασιλεύς
780 2138 888 2219 ἔλεξε·
919 2137 986 2205 Καὶ

25 2234 143 2328 ἡμεῖς,
171 2230 200 2309 οό
223 2242 429 2328 Φουφέττιε,
454 2246 597 2328 βαρεῖαν
609 2235 888 2329 ὑπελαμβάνομεν
901 2233 986 2327 ήμάς
1003 2258 1036 2311 20

25 2340 282 2432 καταλήψεσθαι
302 2340 501 2432 συμφορὰν,
521 2347 554 2413 εί
573 2339 621 2412 δι’
638 2348 776 2431 αἵματος
795 2342 851 2411 καὶ
869 2339 986 2430 φόνοιο

25 2441 322 2535 ἀναγκασθείημεν
348 2460 461 2535 κρίναι
485 2442 545 2515 τόν
570 2446 719 2535 συγγενή
736 2442 901 2533 πόλεμον,
930 2445 986 2513 καὶ

25 2542 92 2616 ύκδ
112 2552 185 2618 τόν
208 2552 309 2636 ίερόν
331 2544 432 2619 ὁπότε
450 2545 491 2617 τὰ
511 2550 718 2638 προπολέμια
739 2546 884 2635 θύοιμεν
902 2549 983 2615 έκοι-

27 2648 180 2738 λυόμεθα
192 2648 309 2740 ἄρχειν
321 2650 441 2741 μύχης·
454 2649 513 2731 τύς
524 2678 560 2720 τε
574 2647 784 2739 ἀπορρήτους
791 2654 986 2740 Φιδηναίων

27 2754 81 2823 καλ
97 2749 305 2825 Ούεντανῶν
318 2760 547 2842 συνωμοσίας,
568 2751 608 2835 ἀς
622 2750 677 2823 ἐπ’
691 2750 892 2843 ἀμφοτέροις
906 2746 985 2841 ἡμῖν
1003 2768 1036 2818 25

27 2854 246 2944 συνώμοσαν,
273 2854 376 2950 όλίγφ
400 2855 564 2945 πρότερόν
585 2875 649 2926 σου
673 2854 876 2945 πεπύσμεθα
894 2852 985 2943 παρὰ

27 2963 92 3029 τόν
113 2961 251 3029 ἐκεῖθεν
277 2962 397 3042 ξένοιν,
411 2960 468 3029 καλ
489 2956 553 3029 ούκ
573 2956 762 3048 ἀφύλακτοι
782 2958 865 3047 πρός
883 2954 986 3035 αύτύς

28 3064 144 3151 ἐσμεν,
178 3058 256 3132 ἀλλ’
279 3058 324 3143 ὡς
351 3073 479 3133 παθεῖν
498 3090 535 3132 τε
554 3062 663 3151 μηδὲν
683 3060 778 3135 αύτολ
799 3057 903 3131 κακόν
923 3055 982 3129 κά·

27 3172 161 3245 κείνους
188 3163 441 3254 τιμωρήσασθαι
468 3172 526 3254 τῆς
550 3166 732 3255 ἐπιβουλῆς
757 3161 856 3247 ἀξίως
882 3187 984 3250 παρε-

27 3264 242 3357 σκευάσμεθα
275 3266 336 3357 οὐχ
361 3258 462 3358 ήτιόν
486 3295 523 3339 τε
548 3274 612 3338 σού
646 3266 899 3355 καταλύσασθαι
925 3262 986 3335 τὸν
1002 3284 1037 3337 30

28 3369 174 3459 πόλεμον
193 3367 337 3460 ἀμαχητὶ
357 3377 485 3460 μᾶλλον
504 3366 525 3459 ἢ
546 3370 602 3440 διά
622 3376 691 3442 τῶν
713 3367 827 3441 ὅπλων
849 3367 984 3456 ἐβουλό-

28 3484 124 3559 μεθα.
168 3472 325 3567 πρότεροι
349 3474 387 3545 δὲ
414 3473 667 3567 πρεσβεύεσθαι
694 3473 771 3562 περὶ
795 3474 993 3558 διαλλαγιόνι
