2367 3850
163 125 224 190 172
458 117 783 188 ·-B·--'

160 289 216 358 καὶ
242 284 283 357 τά
308 287 449 374 πολέμια
471 286 609 357 πάντων
635 295 763 375 γίνεται
792 285 1034 377 λαμπρότατος·
1069 289 1128 358 καὶ

160 386 264 461 αύτόν
291 391 473 479 είσέρχεται
498 389 608 470 πόθος
630 396 757 460 οίκίσαι
782 389 887 460 πόλιν
910 388 968 480 ἐφ’
994 393 1127 462 ἑαυτοῦ.

160 491 361 580 σνντγαγάν
387 491 431 582 δὴ
456 509 551 582 χεῖρα
575 491 705 582 πολλὴν
740 498 809 564 τάν
841 495 920 582 περὶ
945 495 1059 565 έκείνα
1087 493 1127 563 τά

160 601 265 684 χωρία
290 590 476 665 οἰκούντων
501 599 540 666 ἐν
565 592 669 688 ὀλίγςο
689 596 781 666 πάνυ
810 595 920 689 χρόνῳ
940 606 1043 682 κτίζει
1068 595 1126 676 τὰς

125 713 143 765 ο
160 701 369 787 καλουμένας
382 697 524 788 Κύρεις,
545 694 592 780 ὥς
604 703 668 788 μέν
681 727 770 781 τινες
785 703 978 789 ἱστοροῦσιν
996 701 1053 770 έπλ
1066 705 1125 768 τού

161 808 335 890 δαίμονος,
350 801 384 883 ἐξ
397 793 440 870 ού
452 804 613 887 γενέσθαι
628 799 645 870 ὁ
659 801 757 890 λόγος
769 799 873 872 αὐτὸν
887 801 964 890 εἶχε,
979 799 1125 892 τοῦνομα

29 967 34 973 .
160 910 201 994 τῇ
221 903 316 973 πόλει
336 907 496 991 θέμενος,
525 901 571 984 οἱς
595 903 626 974 δ’
643 908 753 995 ἕτερον
773 903 967 993 γράφουσιν
993 908 1050 976 έπλ
1069 911 1126 994 τῆς

161 1013 297 1095 τίχμης·
318 1006 433 1094 κύρεις
445 1005 510 1095 γάρ
528 1011 563 1077 οί
573 1015 719 1097 Σαβῖνοι
740 1006 798 1088 τάς
818 1006 937 1096 αἰχμάς
951 1014 1126 1079 καλοῦσιν.

159 1115 263 1180 ταῦτα
277 1108 339 1196 μέν
353 1101 416 1178 οὖν
434 1111 610 1199 Τερέντιος
622 1105 788 1199 Οὐάρρων
801 1109 935 1200 γράφει.
993 1143 995 1148 ·

110 1220 144 1272 10
237 1212 467 1283 XXXXVHH.
488 1213 674 1302 Ζηνόδοτος
689 1210 719 1283 δ’
737 1209 755 1283 ὃ
773 1212 962 1302 Τροιζήνιος
975 1231 1125 1300 σνγγρα·

160 1311 246 1401 φεύς
275 1313 474 1405 Ὀμβρικούς
504 1323 606 1397 ἔθνος
632 1313 813 1405 αὐθιγενές
841 1322 967 1404 ίστορεῑ
991 1313 1030 1387 τδ
1064 1317 1127 1404 μὲν

161 1422 295 1506 πρῶτον
306 1423 439 1506 οἰκῆσαι
452 1421 528 1508 περὶ
541 1417 603 1508 τὴν
619 1428 830 1508 καλουμένην
838 1415 1021 1506 Ῥεατίνην·
1037 1419 1124 1489 έκεῖ-

159 1529 225 1589 θεν
244 1519 282 1589 δέ
296 1516 362 1590 ύπδ
376 1527 563 1611 Πελασγῶν
583 1523 803 1604 ἐξελαθέντας
829 1529 878 1602 είς
896 1522 1023 1610 ταύτην
1043 1517 1125 1609 άφι·

160 1621 281 1692 κέσθαι
296 1622 358 1712 τὴν
377 1629 443 1713 γῆν
464 1631 552 1695 ἔνθα
571 1630 637 1696 νύν
656 1629 785 1696 οἰκοῦσι
802 1623 859 1694 καὶ
876 1623 1127 1712 μεταβαλόντας

110 1735 143 1788 15
159 1720 227 1812 ἅμα
241 1730 289 1818 τῷ
301 1725 391 1819 τόπῳ
405 1724 551 1815 τοῦνομα
566 1735 736 1816 Σαβίνους
751 1731 783 1810 ἐξ
796 1725 983 1816 Ὀμβρικῶν
996 1748 1124 1816 προσα-
1163 1752 1173 1789 ι

159 1833 378 1916 γορενθῆναι.
425 1829 549 1898 Κάτων
577 1831 615 1900 δὲ
638 1830 784 1917 Πόρκιος
810 1827 847 1899 τὸ
869 1831 931 1918 μὲν
949 1827 1058 1917 ὄνομα
1078 1835 1127 1922 τῷ

106 1962 109 1967 ·
159 1936 323 2017 Σαβίνων
333 1939 427 2001 ἔθνει
440 1937 586 2021 τεθῆναί
597 1957 701 2023 φησιν
714 1935 769 2003 ἐπὶ
779 1934 899 2021 Σάβου
911 1938 974 2003 τοῦ
984 1932 1126 2019 Σάγκου

160 2039 318 2121 δαίμονος
327 2038 526 2124 ἐπιχωρίου,
539 2042 660 2107 τοῦτον
675 2037 711 2105 δέ
725 2034 784 2105 τὸν
793 2036 930 2124 Σάγκον
942 2033 1010 2105 ύπύ
1018 2062 1126 2105 τινων
1176 2068 1177 2075 “

158 2139 293 2206 πίστιον
315 2146 493 2208 καλεῖσθαι
512 2146 593 2209 Δία.
636 2138 774 2228 πρωτην
798 2136 831 2207 δ’
856 2137 1125 2227 αύτάνοίκησιν
1176 2178 1177 2197 ι

108 2252 143 2305 20
159 2236 342 2327 ἀποφαίνει
351 2245 514 2329 γενέσθαι
526 2241 643 2330 κάμην
652 2240 727 2311 τινά
735 2246 946 2331 καλουμένην
958 2246 1123 2331 Τεστροῦ-
1140 2212 1177 2343 θλέ

159 2370 224 2411 ναν
244 2339 349 2431 άγχού
363 2343 491 2424 πόλεως
507 2340 700 2433 Ἀμιτέρνης
715 2346 891 2433 κειμένην,
914 2348 948 2427 έξ
965 2335 1005 2434 ἧς
1018 2341 1125 2435 δρμη·
1176 2358 1177 2401 λ

158 2446 282 2526 θέντας
307 2446 381 2517 τότε
408 2455 581 2535 Σαβίνους
606 2452 654 2527 είς
683 2445 746 2535 τὴν
768 2443 937 2535 Ῥεατίνην
963 2450 1125 2537 έμβαλείν
1176 2462 1177 2545 ρ

153 2546 376 2637 Ἀβοριγίνων
400 2548 508 2639 αύτάχν
535 2548 784 2621 κατοικούντων
810 2553 868 2619 καὶ
888 2550 988 2621 πόλιν
1010 2548 1124 2623 αὐτῶν
1176 2552 1177 2645 λ

157 2649 220 2749 τὴν
252 2652 522 2742 ἐπιφανεστάτην
553 2660 722 2733 Κοτυλίας
749 2656 882 2746 πολέμῳ
916 2656 1122 2742 χειρωσαμέ·
1175 2720 1177 2755 4

106 2768 141 2821 25
157 2778 240 2832 νους
258 2768 446 2843 κατασχεῖν.
494 2759 531 2825 έκ
552 2756 590 2825 δέ
611 2762 669 2845 τῆς
684 2752 847 2843 Ῥεατίνης
866 2753 1020 2835 άποικίας
1037 2753 1124 2826 άπο-
1176 2766 1177 2773 ’

63 2853 66 2874 ¹
156 2861 351 2936 στείλαντας
372 2856 475 2937 άλλας
498 2884 535 2925 τε
557 2858 671 2939 πόλεις
696 2864 806 2929 κτίσαι
835 2857 978 2945 πολλάς,
1006 2861 1044 2929 έν
1070 2855 1125 2939 αἷς

157 2961 272 3029 οίκεῑν
291 2956 503 3047 άτειχίστοις,
527 2963 583 3031 καὶ
605 2960 647 3050 δὴ
673 2963 729 3031 καὶ
749 2958 1122 3050 τάςπροσαγορενομέ-
1176 3016 1177 3027 ι

156 3090 219 3142 νας
242 3061 381 3151 Κύρεις·
402 3060 515 3150 χώραν
535 3064 573 3133 δὲ
595 3081 773 3153 κατασχεῖν
792 3067 850 3152 τῆς
868 3064 930 3153 μὲν
946 3061 1124 3153 Ἀδριανῆς
1176 3090 1177 3133 ι

158 3165 327 3255 θαλάττης
344 3162 536 3253 ἀπέχουσαν
554 3165 643 3255 άμφλ
657 3165 736 3248 τούς
748 3163 954 3255 ὀγδοήκοντα
975 3167 1032 3236 καὶ
1046 3173 1123 3237 δια-

107 3282 142 3334 θυ
158 3274 293 3349 κοσίους
313 3273 487 3356 σταδίους,
514 3274 572 3357 τῆς
593 3271 631 3339 δὲ
650 3275 859 3359 Τυρρηνικῆς
879 3269 1123 3357 τετταράκοντα

160 3367 242 3455 πρὸς
262 3378 459 3452 διακοσίοις·
480 3376 583 3460 μῆκος
604 3372 640 3441 δέ
662 3370 765 3461 αὐτῆς
785 3371 876 3442 εἶναί
891 3390 996 3460 φησιν
1018 3369 1122 3465 ὀλίγῳ
1176 3386 1177 3395 ’

159 3478 413 3557 μείονσταδίων
427 3480 553 3561 χιλίων.
574 3482 643 3545 ἔστι
659 3476 699 3545 δέ
709 3502 759 3555 τις
772 3476 828 3545 καί
842 3472 941 3555 ἄλλος
952 3470 1038 3566 ὑπὲρ
1052 3480 1122 3546 τάν
