2367 3850
177 122 312 186 130'
535 119 767 182 -13-

176 282 328 354 ἀποίκων
346 276 450 369 αὐτῆς
471 279 604 350 πόλεων
634 282 691 352 καί
711 285 781 351 τῶν
806 281 861 352 ἐπὶ
889 286 1061 373 συμμαχίᾳ
1087 281 1140 350 καὶ

114 440 116 444 ,
178 393 275 478 φιλίᾳ
288 389 553 472 προσελθουσῶν
569 385 627 454 καὶ
640 389 707 454 τῶν
723 387 760 454 ἐκ
776 384 924 473 πολέμου
938 385 1139 472 κεκρατημέ-

178 516 249 560 νων
262 488 381 576 ἑκάστη
396 486 549 575 φύλακας
563 486 631 574 εἶχέ
644 478 701 556 καί
713 479 898 576 προστάτας
911 481 970 566 οὓς
983 485 1139 575 ἐβούλετο
1171 513 1173 558 ι

173 590 354 679 Ῥωμαίων.
384 591 441 659 καὶ
454 589 615 671 πολλάκις
630 586 651 679 ἡ
664 588 771 678 βουλὴ
785 588 826 658 τά
840 593 878 660 ἐκ
891 588 1021 659 τούτων
1037 586 1139 678 ἀμφι-

144 718 162 769 ο
179 692 371 784 σβητήματα
384 698 453 761 τῶν
466 692 600 762 πόλεων
614 694 669 762 καὶ
684 695 799 763 ἐθνῶν
818 695 874 762 ἐπὶ
887 691 966 772 τοὺς
982 710 1140 780 προιστα-

178 801 300 887 μένους
318 792 432 864 αὐτῶν
450 791 720 882 ἀποστέλλουσα,
741 793 782 864 τά
800 791 864 864 ὑπ’
880 799 1022 865 ἐκείνων
1046 801 1140 864 δικα-

179 901 306 970 σθέντα
332 896 432 983 κόρια
457 894 579 985 ἡγεῖτο.
618 895 707 968 οὕτω
737 898 775 968 δὲ
804 895 870 988 άρα
894 899 1032 987 βέβαιος
1060 888 1141 986 ᾖνη

173 1000 345 1090 Ῥωμαίων
366 997 504 1088 ὁμόνοια
526 997 590 1089 τὴν
612 997 718 1089 ἀρχὴν
739 1004 776 1070 ἐκ
795 1007 865 1070 τῶν
889 996 957 1070 ὑπό
973 995 1143 1089 Ῥωμύλον

180 1103 528 1176 κατασκευασθέντων
540 1109 692 1192 λαβοῦσα
702 1106 805 1190 ἐθῶν,
822 1101 906 1173 ῶστε
915 1101 1083 1173 οὐδέποτε
1097 1099 1141 1172 δι’

131 1231 164 1282 ιο
180 1213 318 1296 αἵματος
329 1207 387 1276 καὶ
400 1205 510 1294 φόνου
527 1212 588 1276 τοῦ
602 1203 675 1275 κατ’
692 1203 846 1297 ἀλλήλων
860 1204 1034 1294 ἐχώρησαν
1054 1203 1142 1286 ἐντός

182 1313 365 1395 ἑξακοσίων
381 1311 440 1378 καὶ
453 1307 631 1399 τριάκοντα
647 1311 731 1379 ἐτῶν
738 1315 754 1394 ,’
769 1303 905 1379 πολλῶν
917 1311 974 1378 καὶ
987 1309 1142 1396 μεγάλων

181 1409 491 1501 ἀμφισβητημάτων
512 1413 704 1500 γενομένων
723 1417 771 1506 τῶ
792 1412 886 1505 δήμῳ
906 1409 989 1499 πρὸς
1008 1409 1093 1492 τοῶς
1111 1415 1143 1480 ἐν

181 1519 268 1586 τέλει
289 1517 366 1602 περὶ
385 1520 455 1583 τῶν
479 1520 621 1600 κοινῶν,
638 1511 682 1596 ῶς
703 1517 741 1584 ἐν
760 1512 1011 1602 άπάσαιςφιλεί
1031 1520 1141 1602 γίγνε-

182 1630 265 1688 σθαι
279 1633 412 1705 μικραῖς
425 1644 461 1686 τε
471 1619 532 1686 καὶ
545 1615 705 1704 μεγάλαις
725 1616 879 1688 πόλεσιν·
905 1614 989 1686 ἀλλά
1003 1623 1141 1688 πείδον·

132 1734 165 1786 15
182 1749 236 1802 τες
251 1723 308 1790 καὶ
323 1718 538 1800 διδάσκοντες
551 1716 716 1808 ἀλλήλους
730 1723 785 1790 καὶ
798 1748 839 1790 τα
827 1718 915 1808 μὲν
930 1730 1091 1804 είκοντες,
1107 1717 1173 1808 τάιλ

183 1824 221 1894 δέ
240 1850 308 1911 παρ
314 1820 501 1891 ἐίκόντων
519 1823 761 1910 λαμβάνοντες,
777 1820 949 1902 πολιτικάς
968 1827 1143 1894 ἐποιοῦντο
1172 1815 1173 1899 6

136 1954 241 2005 τας
249 1954 319 1995 των
329 1924 545 2014 ἐγκλημάτων
558 1928 734 2007 διαλύσεις.
750 1930 783 2009 ἐξ
793 1917 881 1997 ουδ
889 1926 989 2007 Γαιος
997 1926 1143 2016 Γρακχος

184 2031 292 2101 ἐπὶ
251 2056 309 2118 της
323 2033 534 2118 δημαρχικῆς
539 2030 690 2112 ἐξουσίας
703 2030 882 2117 γενόμενος
897 2028 1121 2117 διέφθειρε
1087 2056 1172 2138 την

183 2159 245 2202 τον
231 2130 499 2219 ’πολιτεύματος
511 2128 695 2220 άρμονίαν,
710 2130 823 2205 οὐκέτι
838 2135 1027 2203 πέπαυνται
1039 2132 1141 2221 σφάτ-

133 2250 167 2301 20
183 2260 296 2315 σοντες
311 2230 490 2322 άλληλονς
495 2236 550 2303 καὶ
564 2234 720 2322 φυγάδας
734 2236 930 2315 ἐλαύνοντες
951 2238 1050 2305 ἐκ
1007 2264 1068 2325 της
1088 2235 1141 2304 πό-

184 2347 267 2417 λεως
279 2338 336 2406 καί
350 2334 548 2416 οὐδενός
504 2365 571 2406 των
583 2334 779 2469 άνχκόστων
792 2337 991 2426 ἀπεχόμενοι
1006 2338 1099 2426 παρά
1111 2318 1171 2406 τό

183 2446 291 2510 νικᾶν.
313 2437 398 2510 άλλά
410 2441 487 2526 περὶ
504 2440 566 2528 μὲν
575 2466 706 2510 τουτων
722 2444 834 2530 ἐτερος
845 2450 938 2513 ἐσται
951 2456 1021 2559 τοῖς
1037 2441 1142 2530 λόγοις
1169 2462 1170 2571 6

185 2539 300 2632 καιρός
314 2542 586 2632 ἐπιτηδειότερος.

267 2642 397 2715 ΧΠ.Ὁ
421 2646 458 2716 δέ
479 2641 644 2734 Ῥωμύλος
672 2644 787 2733 ἐπειδὴ
813 2651 918 2717 ταῦτα
945 2646 1140 2735 διεκόσμησε

133 2766 167 2817 25
185 2745 368 2836 βουλευτάς
401 2744 507 2828 εὐθὺς
536 2754 625 2836 ἐγνω
661 2748 950 2836 καταστήσασθαι,
986 2748 1067 2839 μεθ’
1097 2740 1140 2818 ῶν
1168 2798 1169 2801 ¹

186 2848 345 2938 πράττειν
366 2847 408 2918 τά
428 2848 526 2919 κοινά
542 2858 698 2939 ἔμελλεν,
726 2854 763 2921 ἐκ
788 2856 857 2921 τῶν
878 2860 1066 2940 πατρικίων
1085 2849 1138 2921 άν-

185 2958 268 3041 δρας
281 2948 400 3021 ἑκατὸν
414 2954 656 3043 ἐπιλεξάμενος.
676 2958 819 3024 ἐποιεῖτο
835 2954 872 3023 δὲ
886 2953 998 3024 αὐτῶν
1011 2952 1140 3025 τοιάνδε

182 3053 248 3143 τὴν
268 3059 452 3142 διαίρεσιν·
472 3053 573 3135 αὐτὸς
600 3057 662 3142 μὲν
683 3060 715 3139 ἐξ
732 3052 892 3127 ἁπάντων
908 3062 969 3129 ἕνα
989 3057 1049 3128 τόν
1070 3056 1138 3143 άρι-
1167 3058 1168 3083 ³

183 3180 264 3227 στου
288 3154 480 3244 ἀπέδειξεν,
508 3149 536 3250 ᾦ
560 3156 620 3239 τὰς
646 3158 730 3229 κατά
751 3158 818 3248 τὴν
843 3160 943 3230 πόλιν
962 3158 1045 3254 ῶετο
1072 3166 1138 3229 δεῖν

132 3280 166 3333 30
184 3262 375 3346 ἐπιτρέπειν
401 3267 608 3349 οἰκονομίας,
638 3258 693 3331 ὅτε
721 3259 821 3343 αὐτός
848 3262 959 3350 ἐξάγοι
986 3261 1138 3351 στρατιάν

182 3358 383 3450 ὑπερόριον·
407 3369 477 3434 τῶν
497 3363 536 3433 δέ
563 3370 686 3450 φυλῶν
712 3362 834 3454 ἑκάστη
854 3369 1034 3452 προσέταξε
1054 3380 1136 3454 τρεῖς

183 3460 310 3553 ἄνδρας
335 3464 572 3559 ἐλέσθαιτοός
598 3470 636 3537 ἐν
661 3474 703 3557 τῇ
724 3469 961 3561 φρονιμωτάτη
982 3496 1019 3539 τε
1045 3466 1136 3546 ὄντας
