2367 3850
98 74 253 166 ’τοι
557 101 785 163 -α-

189 275 303 348 θεοῖς,
331 268 531 351 δημοτελεῖς.
576 269 694 352 ἔμελλε
728 261 766 333 δὲ
792 261 858 352 ἀρα
884 261 949 334 σύν
978 260 1088 357 χρόνῳ
1112 262 1140 334 τὸ

190 366 307 438 κοινόν
332 371 390 456 της
410 366 538 455 πόλεως
563 357 649 456 ἦθος
675 364 795 436 πιστόν
821 366 878 436 καί
904 368 1042 456 βέβαιον
1069 365 1140 456 πρός

189 468 394 596 ἀνθρώπους
412 469 596 559 γενόμενον
623 469 794 551 τοιούτους
818 467 1075 559 ἀπεργάσασθαι
1093 472 1139 540 καὶ

191 572 269 656 τούς
288 578 356 643 των
377 580 524 644 ἰδιωτῶν
543 573 696 661 τρόπους.
723 571 812 643 οὕτω
833 579 920 662 γοῦν
941 572 1102 664 σεβαστόν
1115 601 1140 643 τι

155 685 325 767 σπράγμα
344 679 400 746 καλ
419 673 582 783 ἀμίαντον
596 675 810 801 ἐνομίσθη
778 705 814 746 το
829 674 965 764 πιστόν,
988 675 1072 746 ὥστε
1091 673 1138 766 66-

189 809 251 852 κον
271 808 308 850 τε
330 783 487 869 μέγιστον
521 783 682 868 γενέσθαι
707 779 770 868 την
789 783 915 851 ἰδίαν’
898 780 1024 874 εκάστην
1038 788 1140 850 πίστιν

188 885 242 954 κάλ
252 891 436 973 μαρτυρίας
448 882 622 972 συμπάσης
636 883 874 974 ἰσχυροτάτην,
888 880 969 953 καῖ’
955 885 1054 954 οπότε
1065 881 1139 1018 ύτέη

188 986 382 1078 ἀμαρτύρου
403 987 677 1076 συναλλάγματος
696 983 886 1076 ἀμφίλογόν
905 1016 937 1056 τι
958 988 1086 1078 γένοιτο
1100 991 1139 1057 ἑνὶ

189 1089 272 1178 πρὸς
298 1095 377 1216 ἕνα,
412 1087 433 1180 6
461 1095 646 1182 ’διαιροῦσα
666 1088 705 1159 τδ
731 1107 843 1172 νεῖκος
867 1093 924 1160 καλ
950 1095 1166 1212 προσωτέρω

139 1221 172 1271 10
189 1209 311 1284 χωρεῖν
336 1191 399 1264 οόκ
427 1198 516 1265 ἐοῖσα
542 1192 601 1275 τάς
628 1203 836 1282 φιλονεικίας
862 1188 892 1284 6
906 1197 1055 1284 θατέρου
1084 1221 1166 1262 των

189 1299 472 1385 διαδικαζομένων
486 1293 599 1366 αὐτοῖν
612 1289 753 1380 πίστις
733 1327 795 1387 ην,
819 1302 857 1366 αἵ
868 1323 904 1367 τε
917 1294 1016 1386 ἀρχαλ
1042 1297 1136 1366 καί
1108 1327 1140 1366 τα

189 1400 384 1491 δικαστήρια
406 1398 446 1468 τά
467 1409 606 1471 πλεῖστα
620 1397 688 1472 τῶν
701 1398 1010 1490 ἀμφισβητημάτων
1024 1417 1092 1482 τοῖς
1110 1405 1139 1470 έκ

187 1510 245 1595 τῆς
265 1513 406 1584 πίστεως
419 1499 530 1593 ὅρκοις
553 1503 689 1594 διῄτων.
718 1509 856 1574 τοιαῦτα
869 1503 933 1593 μέν
955 1502 996 1594 δὴ
1016 1527 1139 1593 σωφρο-

188 1609 291 1699 σύνης
304 1635 340 1677 τε
352 1605 582 1733 παρακλητικὰ
596 1609 652 1678 καλ
667 1607 882 1696 δικαιοσύνης
896 1604 1137 1698 ἀναγκαστήρια
1169 1637 1170 1642 ’

138 1729 170 1780 15
186 1709 253 1783 ὑπὸ
267 1716 328 1781 τοῦ
348 1711 458 1801 Νόμα
468 1711 542 1781 τότε
563 1715 784 1800 ἐξευρεθέντα
798 1713 1026 1799 κοσμιωτέραν
1043 1717 1139 1792 οἰκίας

187 1843 245 1940 της
261 1814 419 1901 κράτιστα
440 1814 692 1904 οἰκουμένης
657 1844 719 1905 την
727 1812 898 1959 Ῥωμαίων
913 1812 1049 1885 πόλιν’
1032 1841 1137 1904 απειρ

187 1917 323 2007 γάσατο.

260 2018 432 2092 LXXVI.
432 2020 464 2091 A
485 2020 522 2090 δέ
535 2028 646 2108 μελλω
662 2024 726 2090 νῦν
744 2022 857 2108 λέγειν
877 2023 1018 2111 ἐπιμελῆ
1030 2049 1063 2091 τε
1080 2017 1135 2087 αύ-

186 2123 248 2215 την
263 2122 417 2195 ἀπέδωκε
438 2129 507 2193 τῶν
519 2121 659 2249 ἀναγκα
651 2131 713 2192 ίων
651 2126 845 2193 ἰκαί
799 2153 868 2195 των
888 2121 1030 2213 ἀγαθοῖν
1051 2119 1137 2211 έργά·

136 2248 169 2299 20
187 2258 250 2299 τιν.
285 2226 538 2317 ἐνθυμούμενος
558 2226 622 2315 γάρ
643 2222 661 2296 6
685 2224 788 2317 ἀνὴρ,
809 2226 860 2298 ότι
875 2228 973 2298 πόλιν
993 2226 1056 2319 τὴν
1068 2229 1137 2317 μέλ-

187 2329 504 2422 λουσανάγαπήσειν
513 2328 554 2400 τά
566 2337 679 2400 δίκαια
693 2333 748 2400 καί
758 2347 874 2418 μενεῖν
885 2335 922 2401 έν
935 2336 982 2426 ¹93
995 2331 1138 2420 σοι’φρονι

187 2442 252 2529 βίω
277 2440 336 2524 τῆς
361 2433 546 2524 ἀναγκαίου
574 2440 629 2504 δεῖ
653 2440 811 2524 χορηγίας
839 2432 1013 2523 εὐπορεῖν,
1044 2441 1138 2505 διεῖλε

186 2537 247 2628 τὴν
265 2539 378 2628 χώραν
397 2537 530 2608 ἀπασαν
549 2546 596 2619 εἰς
616 2535 694 2617 τούς
709 2541 935 2627 καλουμένους
949 2537 1075 2626 πάγους
1089 2537 1172 2605 καίῖλ

187 2644 386 2730 κατέστησεν
406 2638 465 2731 ἐφ’,
478 2640 620 2712 ἑκάστου
634 2646 702 2711 των
724 2642 842 2732 πάγων
855 2640 998 2729 ἀρχοντα
1013 2644 1137 2711 ἐπίσκο-

135 2767 168 2817 25
186 2744 252 2813 πόυ
274 2770 309 2812 τε
330 2746 385 2814 καλ
405 2752 588 2834 περίπολον
608 2750 662 2834 τῆς
684 2750 772 2826 ἰδίας
795 2754 923 2833 μοίρας.
973 2735 1065 2814 οὗτοι
1082 2739 1137 2829 γάρ

186 2845 371 2937 περιιόντες
382 2846 510 2937 θαμινά
523 2847 601 2931 τούς
615 2840 654 2918 εὖ
669 2874 706 2917 τε
720 2850 776 2917 καί
789 2853 898 2929 κακῶς
911 2850 1139 2937 εἰργασμένους

185 2957 254 3022 τῶν
277 2946 392 3039 ἄγριόν
413 2946 648 3040 ἀπεγράφοντο
663 2953 719 3020 καί
739 2949 821 3040 πρὸς
835 2948 893 3021 τὸν
911 2954 1050 3039 βασιλέα
1065 2946 1138 3018 ἀπέ-

186 3081 326 3144 φαινον,
348 3049 366 3124 ὃ
391 3052 429 3123 δέ
446 3051 524 3134 τούς
544 3056 606 3144 μὲν
626 3057 792 3144 ἐπιμελεῖς
810 3052 979 3143 γεωργούς
1001 3058 1139 3129 ἐπαίνοις

184 3160 297 3228 τεκαὶ
318 3164 592 3246 φιλανθρωπίαις
612 3155 839 3248 ἀνελάμβανε,
865 3156 943 3239 τούς
964 3159 1002 3227 δέ
1023 3152 1139 3244 ἀργούς

134 3285 167 3337 εο
186 3259 377 3351 [γεωργούς]
390 3258 564 3346 ὀνειδίζων
578 3290 613 3330 τε
627 3262 682 3329 καὶ
692 3267 816 3351 ζημιῶν
826 3262 880 3333 ἰπί
890 3259 926 3331 τό
941 3257 1139 3349 θεραπεύειν

184 3360 322 3449 ἀμεινον
337 3362 400 3454 τὴν
414 3369 478 3454 γῆν
492 3361 729 3452 προύτρέπετο.
758 3364 923 3453 τοιγάρτοι
937 3354 1090 3453 πολέμων
1108 3385 1138 3427 τε

184 3460 430 3555 ἀπηλλαγμένοι
439 3470 494 3538 καλ
505 3473 573 3538 τῶν
583 3465 665 3538 κατά
674 3465 735 3557 τὴν
749 3466 847 3538 πόλιν
856 3467 1059 3559 πραγμάτων
1067 3486 1136 3553 σχο-
