2367 3850
433 146 663 211 -A-
989 152 1029 215 37

61 307 185 399 Ἑρμοῦ
200 307 379 398 γενόμενος
399 313 455 381 καλ
476 310 610 401 νύμφης
631 311 723 394 τινὸς
734 310 888 403 Ἀρκάσιν
906 316 1027 403 έπιχω·
1095 302 1099 308 ’

65 422 156 501 ρίας,
170 410 214 503 ἢν
227 418 263 483 oc
272 410 495 504 μέν”Ελληνες
509 418 614 505 Θέμιν
627 415 715 487 εἶναι
727 418 862 506 λέγουσι
875 420 932 486 καί
944 429 1025 488 θεο-

64 517 217 606 φόρητον
235 512 497 604 ἀποφαίνουσιν,
518 523 553 589 oc
564 518 601 589 δέ
614 517 673 600 τάς
686 515 867 609 Ῥωμαϊκὰς
879 521 1025 610 συγγρά-

62 635 191 701 ψαντες
213 616 444 708 ἀρχαιολογίας
464 626 506 711 τῇ
532 630 661 717 πατρίῳ
681 623 814 713 γλιόσση
834 628 1027 712 Καρμέντιυ
1074 680 1077 685 .

63 720 303 813 ὀνομάζουσιν·
326 732 376 813 είη
399 721 433 795 δ’
455 719 499 794 δν
514 721 645 795 Ἐλλάδι
658 732 759 817 φωνῇ
774 725 967 818 Θεσπιῳδὸς
985 733 1060 818 τῇσ

62 825 185 916 νύμφη
205 823 352 915 τοῦνομα
362 848 370 862 ·
382 824 450 908 χτάς
462 826 525 916 μέν
543 826 607 917 γάρ
627 826 714 923 ᾠδάς
726 834 866 900 καλοῦσι
874 826 1027 921 Ῥωμαῖοι

63 930 230 1019 κάρμινα,
248 926 310 1018 τὴν
325 930 362 1000 δὲ
380 946 525 1019 γυναῖκα
544 931 671 1023 ταύτην
690 927 889 1021 ὁμολογοῦσι
909 940 1025 1024 δαιμο-

64 1042 130 1126 νίῳ
162 1031 328 1121 πνεύματι
361 1032 562 1122 κατάσχετον
589 1036 771 1125 γινομένην
802 1064 843 1105 τα
830 1033 1026 1163 μέλλοντα

66 1141 315 1228 συμβαίνειν
282 1164 329 1205 τω
316 1135 480 1262 πλήθει.
482 1134 529 1206 δι’
545 1135 636 1231 ᾠδῆς
650 1140 837 1226 προλέγειν.
864 1167 883 1209 ο
871 1134 936 1211 δέ
948 1140 1024 1211 στό-

63 1250 121 1319 λος
143 1228 243 1319 οὗτος
262 1236 325 1308 οὐκ
339 1236 404 1309 άπὸ
419 1244 480 1309 τοῦ
493 1246 610 1312 κοινοῦ
629 1248 700 1331 τῆς
704 1238 838 1331 γνάμης
856 1244 1025 1333 ἐπέμφθη,
1043 1264 1077 1315 ιο
1121 1269 1125 1290 ¹

63 1338 148 1412 άλλά
161 1342 399 1423 στασιάσαντος
411 1371 473 1412 του
458 1344 599 1433 δήμου
613 1374 652 1413 το
639 1342 854 1429 ἐλαττωθὲν
872 1342 1027 1417 ἑκούσιον
1156 1378 1160 1385 ·

20 1460 49 1511 82
64 1448 164 1535 μέρος
186 1440 387 1535 ὑπεξῆλθεν.
427 1444 588 1533 ἐτύγχανε
616 1448 654 1518 δδ
675 1448 749 1519 τότε
772 1447 834 1539 τὴν
851 1455 1026 1537 βασιλείαν

66 1554 133 1617 τῶν
145 1544 369 1637 Ἀβοριγίνων
382 1548 598 1638 παρειληφάς
613 1548 886 1641 Φαῦνος,”Αρεος
899 1550 944 1633 ὥς
957 1581 1024 1641 φα·

64 1673 120 1721 σιν
139 1646 322 1740 άπόγουος,
341 1648 428 1741 άυηρ
449 1650 531 1741 μετά
554 1658 615 1722 τοῦ
630 1660 833 1745 δραστηρίου
850 1657 907 1723 καί
925 1677 1025 1725 συνε-

65 1752 136 1841 τὸς,
154 1756 213 1822 καὶ
233 1752 335 1824 αὐτὸν
355 1750 399 1836 ὡς
411 1761 481 1825 τῶν
493 1758 684 1847 ἐπιχωρίαν
697 1754 934 1845 τινάῬωμαίοι
949 1765 1023 1829 δαι-
1043 1771 1075 1824 Ισ

65 1857 180 1947 μόνων
192 1864 330 1940 θυσίαις
348 1861 404 1929 καὶ
418 1856 520 1954 ρι’δαίς
533 1867 759 1952 γεραίρουσιν.
795 1850 892 1943 οὗτος
905 1857 924 1932 6
939 1859 1037 1954 ἀνὴρ·

66 1961 245 2048 δεξάμενος
264 1960 348 2032 κατά
366 1963 493 2054 πολλὴν
512 1964 674 2054 φιλότητα
686 1962 766 2045 τοδς
776 1961 937 2052 Ἀρκάδας
955 1964 1025 2038 ὀλί-

65 2093 143 2153 γους
157 2061 275 2151 ὄντας,
296 2070 436 2136 δίδωσιν
449 2063 562 2149 αὐτοῖς
575 2073 634 2157 τῆς
652 2065 759 2139 αὑτοῦ
777 2067 886 2157 χάρας
898 2065 1029 2159 ὁπόσην

65 2167 254 2257 ἐβούλοντο.
287 2174 323 2238 οί
337 2169 374 2238 δέ
385 2166 560 2258 Ἀρκάδες,
583 2167 668 2262 άςὴ
691 2174 792 2261 Θέμις
813 2168 926 2252 αὐτοῖς
951 2176 1024 2242 ἐπι-

66 2271 245 2354 θειάζουσα
258 2275 412 2360 ἔφραζεν,
426 2276 600 2363 αἱροῦνται
613 2274 721 2363 λόφον
733 2272 850 2361 ὀλίγον
860 2272 1025 2363 ἀπέχοντα
1042 2291 1077 2342 w

65 2381 123 2443 τοῦ
146 2375 319 2462 Τεβέριος,
340 2373 376 2456 ὅς
396 2379 466 2446 έστι
479 2382 545 2446 νῦν
560 2378 599 2447 έν
611 2378 701 2471 μέσῳ
714 2378 855 2466 μάλιστα
875 2382 933 2465 τῆς
947 2373 1024 2446 Ῥω-

61 2473 174 2566 μαίων
196 2477 339 2565 πόλεως,
359 2479 416 2548 καὶ
434 2481 734 2562 κατασκευάζονται
750 2477 834 2565 πρὸς
848 2477 939 2572 αὐτῷ
957 2479 1023 2550 κατ’·

65 2608 131 2669 μην
151 2587 332 2667 βραχεῖαν,
353 2582 454 2652 δυσὶν
473 2577 675 2662 άλιευτικοίς
688 2581 908 2671 πληρώμασιν
925 2586 963 2653 έν
975 2577 1027 2664 οἷς

65 2680 298 2771 ἀπανέστησαν
317 2689 375 2772 τῆς
390 2680 546 2766 Ἑλλάδος
558 2681 776 2772 άποχρῶσαυ,
796 2682 839 2774 ἢν
851 2691 969 2775 ἔμελλε
987 2682 1025 2756 τδ

64 2788 288 2873 πεπραμένον
313 2785 377 2856 σύν
398 2785 507 2880 χρόνῳ
529 2787 653 2878 θήσειν
676 2785 761 2879 ὅσην
779 2786 861 2859 οὗθ’
883 2785 1024 2861 Ἑλλάδα
1041 2807 1075 2870 τί

65 2888 164 2959 πόλιν
185 2884 265 2958 οὔτε
283 2887 456 2979 βάρβαρον
473 2891 556 2960 κατά
577 2919 614 2962 τε
633 2893 801 2977 οίκη’σευς
813 2893 956 2981 μέγεθος
970 2896 1028 2964 καί

65 2991 147 3062 κατὰ
169 2997 367 3075 δυναστείας
387 2991 524 3076 άξίιοσιν
537 2996 595 3064 καί
613 2991 675 3084 τὴν
688 2995 799 3085 ἄλλην
819 2991 954 3066 ἅπασαν
968 2993 1024 3064 εά-

28 3111 53 3163 83
66 3101 200 3181 τυχίαν,
223 3094 346 3184 χρόνον
363 3123 400 3166 τε
420 3092 544 3166 ὁπόσον
556 3093 601 3167 ἂν
622 3095 641 3169 6
659 3098 786 3188 θνητὸς
800 3096 887 3167 αίάν
905 3095 1025 3187 ἆυτέχη

67 3197 198 3266 πόλεων
218 3197 359 3286 μάλιστα
378 3203 496 3269 πασῶν
509 3203 884 3290 μνημονευθησομένην.
920 3197 1025 3287 ὄνομα

68 3302 103 3370 δὲ
116 3305 165 3394 τῷ
180 3309 359 3390 πολίσματι
377 3301 486 3396 τούτῳ
505 3310 656 3393 τίθενται
669 3302 883 3373 Παλλάντιον
898 3303 953 3373 ἐπὶ
969 3309 1028 3393 τῆς
1043 3325 1077 3377 30

68 3407 104 3472 έν
121 3401 283 3496 Ἀρκαδία
302 3410 401 3494 σφαῖν
422 3407 671 3495 μητροπόλεως·
694 3412 760 3476 νῦν
778 3407 893 3493 μέντοι
911 3407 1027 3478 Παλά·

67 3534 139 3578 τιον
152 3501 218 3577 ὑπὸ
226 3503 396 3598 Ῥωμαίων
408 3509 539 3598 λέγεται
550 3508 752 3596 συγχέαντος
763 3514 825 3576 τοῦ
831 3508 955 3598 χρόνου
966 3509 1027 3598 τὴν
