2367 3850
184 93 243 155 148
546 93 774 154 -B-

182 255 239 324 καὶ
256 256 391 323 πολλῶν
405 249 518 324 ἀλλων
530 253 805 342 παρειλήφαμεν,
824 248 911 342 ὑπὲρ
927 243 976 322 οἷν
990 249 1074 322 κατὰ
1088 249 1144 321 τόν

185 363 310 426 οἰκεῖον
323 354 442 441 καιρόν
455 359 530 442 ἐρω.

93 454 95 457 ’
262 457 399 526 XXVII.
428 460 497 526 Καὶ
516 455 593 527 οὐδ’
613 459 764 526 ἐνταῦθα
785 463 862 545 ἔστη
883 461 940 544 τῆς
960 451 1146 539 ἐξονσίαςὸ

185 565 254 632 τῶν
268 557 438 648 Ῥωμαίων
451 563 651 648 νομοθέτης,
665 555 818 630 ἀλλὰκαὶ
832 569 959 628 πωλεῖν
973 563 1079 647 ἐφῆκε
1092 555 1146 626 τὸν

154 689 172 739 5
188 662 264 733 νίόν
277 669 323 756 τῷ
338 665 455 749 πατρὶ,
470 659 573 732 οὐδὲν
585 665 801 751 ἐπιστραφεὶς
812 673 902 742 εἴτις
916 659 1008 748 ἀμόν
1022 659 1144 748 όπολῆ-

187 780 286 847 διεται
299 764 336 834 τὸ
348 765 551 854 συγχώρημα
571 765 627 834 καὶ
641 764 829 853 βαρύτερον
849 759 870 853 ῆ
891 762 975 834 κατὰ
996 763 1059 852 τῆν
1082 791 1145 850 φν-

189 866 288 954 σικῆν
297 863 523 956 συμπάθειαν.
539 869 596 936 καί
610 863 776 936 δπάντων
786 867 928 956 μάλιστα
938 866 1147 954 θαυμάσειεν

188 969 231 1040 ἀν
244 999 295 1050 τις
317 967 384 1040 ὑπὸ
397 986 467 1050 τοῖς
483 967 688 1059 Ἑλληνικοῖς
707 967 807 1058 ῆθεσι
827 986 896 1049 τοῖς
917 971 1148 1057 ἐκλελυμένοις

105 1134 112 1149 ,
187 1069 367 1162 τραφεῖς’
344 1101 388 1154 ως
401 1073 524 1163 πικρόν
543 1074 599 1142 καὶ
613 1074 834 1162 τυραννικόν,
856 1075 912 1142 καὶ
931 1077 1029 1142 Ιτοῦτο
1051 1093 1147 1140 συνε-

138 1200 172 1284 ιρ
188 1177 317 1265 χόρησε
344 1205 391 1269 τρε
377 1178 529 1266 πατρὶ,
554 1176 650 1264 μέχρι
670 1183 783 1265 τρίτης
810 1175 963 1264 πράσεως
988 1170 1049 1262 ἀφ’
1076 1178 1148 1244 υίοό

155 1245 473 1368 χρηματίσασθαι,
500 1287 634 1368 μείζονα
657 1276 736 1358 δούς
758 1282 911 1362 ἐξουσίαν
938 1279 1041 1366 πατρὶ
1068 1276 1148 1346 κατὰ

188 1377 345 1461 παιδδς”
324 1410 345 1470 η
359 1382 503 1470 δεσπότη
517 1379 600 1451 κατά
621 1381 756 1450 δούλου.
796 1379 1021 1469 θεραπόντων
1033 1383 1099 1468 μέν
1115 1407 1149 1468 γε

188 1481 370 1571 ὁπραθεις
387 1480 482 1573 Ιάπαξ
489 1538 499 1571 ,
465 1487 641 1567 ξέπειτα
662 1483 724 1572 τῆν
750 1488 951 1569 ἐλευθερίαν
971 1479 1149 1572 εὑρόμενος

189 1582 294 1655 αὑτοῦ
311 1584 347 1656 τό
360 1585 480 1657 λοιπόν
492 1584 557 1676 ῆδη
570 1586 686 1675 κύριός
700 1591 806 1673 ἐστιν,
827 1591 911 1656 υίῶν
928 1583 959 1654 δ’
973 1582 991 1654 ό
1007 1587 1149 1674 πραθεὶς

139 1709 173 1760 15·
189 1685 255 1759 ὑπὸ
276 1693 338 1758 τοῦ
356 1689 480 1779 πατρὸς
501 1696 533 1759 εί
551 1693 682 1777 γένοιτο
702 1689 881 1776 ἐλεύθερος
894 1685 963 1758 ὑπὸ
982 1694 1029 1782 τῷ
1051 1691 1149 1775 πατρὶ

189 1790 292 1861 τ’τάλιν
311 1793 457 1880 ἐγίνετο,
474 1787 539 1862 κάν
559 1790 597 1862 τό
617 1792 777 1882 δεύτερον
790 1791 1017 1882 ἀπεμποληθῇ
1039 1819 1078 1862 τε
1097 1793 1148 1860 καὶ

189 1899 409 1985 ἐλευθερωθῆ
423 1899 543 1975 δοῦλος
563 1891 675 1986 ὥσπερ
692 1899 724 1979 ἐξ
742 1893 845 1986 ἀρχῆς
864 1901 925 1965 τοῦ
947 1892 1073 1983 πατρὸς
1092 1886 1146 1984 ῆν·
1175 1924 1176 1993 ¹

188 1994 270 2083 μετὰ
290 1996 328 2066 δὲ
346 1995 409 2085 τῆν
434 2004 549 2087 τρίτην
571 2004 697 2084 πρᾶσιν
719 1997 910 2089 ἀπήλλακτο
932 2004 994 2068 τοῦ
1015 1997 1148 2087 πατρός.
1175 1994 1176 2085 ¹

187 2104 308 2169 τοῦτον
329 2098 388 2168 τόν
404 2099 509 2190 νόμον
529 2103 566 2169 ἐν
580 2098 696 2189 ἀρχαῖς
714 2102 776 2190 μὲν
790 2108 825 2172 οί
834 2109 983 2189 βασιλεῖς
1002 2100 1147 2188 ἐφύλατ-

138 2224 173 2276 2⁰
189 2230 249 2273 τον
269 2213 342 2272 εῖτε·
358 2206 590 2297 γεγραμμένον
611 2214 678 2273 εῖτε
697 2202 852 2293 ἀγραῳου
871 2199 929 2329 (οῆ
947 2200 1011 2291 γὰρ
1026 2208 1094 2290 ἔχω
1113 2200 1147 2271 τό
1175 2204 1176 2279 ¹

188 2304 293 2393 σαφες
314 2299 476 2402 εἰπεῖν)
458 2306 618 2406 απᾴντων
637 2304 815 2395 κράτιστον
835 2302 1014 2401 ἡγούμενοι
1035 2302 1176 2405 νόμονχ

187 2416 432 2498 καταλυθείσης
453 2409 551 2479 δὲ
508 2438 568 2499 της
585 2406 829 2535 μοναρχίας,“
810 2436 865 2479 οτε
886 2414 1020 2496 πρῶτον
1040 2368 1176 2541 ἐφάνηῖδ

64 2584 68 2589 ,
182 2507 354 2599 Ῥωμαίοις
382 2511 509 2591 πάντας
537 2540 616 2591 τους
642 2520 803 2600 πατρίους
836 2509 998 2599 ἐθισμοάς
1029 2538 1067 2579 τε
1094 2512 1176 2587 καὶ

188 2612 313 2698 νόμους
328 2610 396 2700 ἅμα
416 2628 485 2694 τοῖς
502 2614 708 2696 ἐπεισάκτοις
727 2612 804 2685 ἐν’
785 2642 892 2707 αγορη
878 2620 1021 2705 θεῖναι
1041 2641 1146 2700 φανε

137 2727 171 2781 κθ
189 2711 269 2803 ροδς
288 2712 392 2814 ἀπασι
411 2731 480 2797 τοῖς
499 2724 703 2805 πολίταις,“
688 2746 744 2787 ινα
766 2715 811 2806 μῆ
831 2724 1087 2807 συμμεταπίπτῃ
1110 2714 1147 2785 τό

187 2814 293 2886 κοινά
299 2823 411 2888 δίκαια
426 2835 496 2898 ταῖς
509 2824 579 2888 τόν
593 2817 766 2908 ἀρχόντων
780 2822 962 2907 ἐξουσίαις,
979 2824 1013 2889 οί
1024 2819 1145 2908 λαβόν-

187 2946 241 3000 τες
260 2917 350 3007 παρά
363 2925 423 2988 τοῦ
437 2921 546 3009 δῆμον
562 2921 624 3012 τῆν
644 2926 799 3004 ἐξουσίαν
817 2929 875 3013 τῆς
896 2927 1095 3010 συναγωγῆς
1112 2948 1146 2991 τε

187 3023 243 3091 καὶ
262 3019 459 3109 ἀναγραφῆς
480 3020 593 3092 αὐτῶν
617 3028 697 3095 δέκα
717 3022 839 3114 ἀνδρες
860 3022 928 3115 ἅμα
948 3042 1017 3104 τοῖς
1035 3022 1147 3103 ἀλλοις

186 3119 381 3209 ἀνέγραψαν
402 3123 533 3212 νόμοις,
551 3126 608 3194 καί
631 3132 722 3197 ἔστιν
736 3132 774 3197 ἐν
789 3132 830 3219 τῆ
848 3128 988 3217 τετάρτη
1005 3132 1075 3195 τῶν
1091 3136 1144 3195 λε-

133 3242 168 3294 30
184 3228 338 3314 γομένων
352 3224 484 3296 δυόδεκα
498 3230 642 3313 δέλτων,
658 3226 697 3309 ἀς
713 3228 882 3301 ἀνέθεσαν
896 3235 933 3301 ἐν
946 3228 1061 3321 ἀγορᾷ.
1095 3226 1144 3299 ὅτι

186 3326 219 3397 δ’
233 3327 295 3416 οὐχ
314 3334 350 3397 oc
364 3326 486 3419 ἄνδρες
505 3332 604 3417 δέκα,
620 3336 657 3400 οί
667 3342 868 3418 τριακοσίοις
882 3340 992 3404 ἔτεσιν
1004 3328 1144 3419 ὕστερον
1175 3316 1176 3373 ¹

184 3424 440 3518 ἀποδειχθέντες
453 3435 510 3503 ἐπὶ·
523 3431 585 3523 τῆν
596 3430 800 3526 ἀναγραφῆν
810 3442 879 3507 τῶν
892 3436 1006 3527 νόμον
1020 3440 1141 3526 πρῶτοι
