2367 3850
415 125 649 187 -B-
947 130 1007 192 199

43 281 103 364 τάς
136 287 315 366 ἐνοπλίους
347 285 495 376 κινήσεις
530 285 604 358 τοτὲ
636 287 698 377 μέν
730 283 831 379 ὁμοῦ,
867 289 940 360 τοτὲ
967 290 1003 362 δὲ

44 387 241 477 παραλλὰξ,
268 390 325 459 καί
344 395 506 477 πατρίους
517 387 611 472 τινάς
625 389 755 482 ὕμνους
775 388 918 486 ᾅδουσιν
936 389 1003 484 ἅμα

43 505 117 572 ταῖς
138 498 296 580 χορείαις.
326 501 464 582 χορείαν
485 493 524 564 δὲ
540 495 598 564 καὶ
621 501 756 586 κίνησιν
774 494 929 568 ἐνόπλιον
946 499 1002 566 καὶ

41 592 104 662 τὸυ
123 597 166 664 έν
179 609 251 676 ταῖς
271 593 410 668 άσπίσιν
429 590 698 685 ἀποτελούμενον
717 593 784 670 ὑπὸ
804 603 872 670 τοῖν
891 601 999 686 ἐγχει-

42 703 169 785 ριδίων
182 698 313 786 ψόφον,
339 710 375 769 εί
383 727 415 769 τι
429 705 484 772 δελ
496 717 564 782 τοϊς
575 698 724 790 ἄρχαίοις
737 707 999 792 τεκμηριοῦσθαι
1016 722 1032 772 5

42 800 175 890 λόγοις,
201 801 375 892 Κούρητες
394 794 482 894 ἦσαν
505 808 541 872 οί
559 810 685 891 πρῶτοι
705 804 998 896 καταστησάμενοι.

43 902 101 973 τόν
116 905 158 975 δὲ
171 907 250 993 περί
262 903 377 976 αὐτῶν
396 911 511 995 μῦθον
523 903 625 978 ου’δὲν
640 911 755 999 δέομαι
767 907 851 1000 πρὸς
868 908 999 992 εἰδότας

43 1005 162 1096 ὀλίγου
176 1015 251 1080 δεῖν
264 1008 392 1091 πάντας
403 1009 558 1101 γράφειν.
623 1083 630 1090 .

118 1112 239 1183 LXXI.
264 1109 319 1183 Ἐν
342 1113 381 1183 δὲ
393 1128 467 1196 ταῖς
485 1115 636 1207 πέλταις,
657 1109 695 1193 δίς
709 1117 744 1182 οί
754 1140 790 1182 τε
805 1108 915 1187 σάλιοι
935 1140 997 1203 φο-

45 1219 140 1302 ροῦσι
164 1218 223 1286 καί
244 1213 284 1299 δίς
303 1212 466 1308 ὑπηρέται
482 1217 572 1298 τινες
591 1212 705 1286 αάτοῖν
726 1212 911 1307 ἠρτημένας
932 1212 998 1290 άπὸ
1016 1243 1048 1296 10

45 1318 202 1390 κανόνων
216 1315 407 1409 κομίζουσι,
428 1329 566 1402 πολλαῖς
585 1319 676 1392 πάνυ
689 1315 805 1400 οὔσαις
818 1325 899 1410 μίαν
911 1319 998 1394 εἶναι
1070 1324 1074 1334 ’

45 1422 179 1508 λέγουσι
199 1427 355 1514 διοπετῆ,
381 1419 565 1515 εὑρεθῆναι
581 1419 618 1494 δ’
634 1419 740 1513 αὐτήν
758 1445 863 1512 φασιν
877 1425 915 1496 ἐν
928 1438 998 1504 τοῖς

47 1531 227 1610 βασιλείοις
246 1531 308 1598 τοῦ
326 1525 443 1618 Νόμα,
468 1524 613 1618 μηδενὸς
634 1522 829 1618 άνθροόπων
849 1528 995 1618 εἰσενέγ-

47 1654 163 1712 καντος
189 1628 270 1721 μηδ’
292 1632 505 1721 ἐγνωσμένου
530 1628 693 1720 πρότερον
719 1632 756 1700 έν
770 1627 906 1711 Ἰταλοῖς
928 1658 995 1701 τοι·

48 1731 145 1803 οότου
167 1734 349 1822 σχήματος,
376 1737 410 1819 ἐξ
429 1725 479 1806 τόν
498 1731 699 1825 ἀμφοτέρων
717 1729 903 1824 ὑπολαβεῖν
919 1729 994 1806 Ῥω·
1014 1752 1045 1802 15

49 1843 164 1920 μαίονς
184 1837 402 1928 θεόπεμπτον
423 1834 561 1908 εἶναιτὸ
580 1833 697 1908 ὅπλον.
731 1837 943 1930 βουληθέντα
958 1835 997 1909 δὲ

49 1936 101 2007 τὸν
126 1940 251 2031 Νόμαν
276 1947 443 2032 τιμᾶσθαί
459 1970 496 2013 τε
522 1938 606 2015 αὐτὸ
628 1938 817 2031 φερόμενον
844 1937 911 2013 ὑπὸ
928 1968 997 2012 του

24 2065 36 2115 8
49 2051 230 2131 κρατίστων
243 2048 332 2117 νέων
343 2048 382 2116 ἐν
396 2052 499 2136 ίεραίς
510 2041 648 2136 ἡμέραις
666 2042 732 2116 άνά
748 2044 810 2136 τὴν
824 2045 923 2116 πόλιν
940 2047 996 2115 καί
1012 2092 1014 2097 -

49 2152 177 2218 θυσιῶν
200 2151 361 2219 ἐπετείων
380 2148 578 2238 τυγχάνειν,
604 2147 779 2221 δεδοικότα
800 2149 838 2219 δέ
856 2150 993 2236 ἐπιβου-

49 2249 103 2331 λάς
122 2279 158 2321 τε
179 2249 238 2332 τάς
258 2248 319 2321 ἀπ’
342 2254 476 2341 ἐχθρῶν
494 2253 551 2323 καὶ
575 2249 767 2342 άφαυισμὸυ
791 2247 897 2321 αὐτοῦ
915 2258 993 2321 κλο·
1012 2282 1046 2333 20

51 2369 143 2424 παῖου
155 2352 243 2424 ὅπλα
256 2358 392 2443 λέγουσι
405 2353 513 2427 πολλά
531 2353 844 2430 κατασκευάσασθαι
858 2355 905 2448 τῷ
922 2359 992 2423 διο-

51 2474 139 2528 πετεῖ
159 2458 393 2548 παραπλήσια,
421 2468 603 2549 Μαμορίου
624 2456 714 2539 τινός
733 2460 941 2548 δημιουργοῦ
957 2452 1013 2527 τό“

52 2565 144 2649 ἔργον
156 2557 418 2652 ἀναδεξαμένου,
433 2560 517 2632 ὥστε
530 2562 658 2652 άσημου
671 2563 899 2649 γενέσθαικαὶ
915 2564 994 2630 δυσ-

53 2664 253 2751 διάγνωστον
279 2681 349 2747 τοῖς
380 2667 560 2755 μέλλουσιν
591 2662 825 2753 ἐπιβουλεύειν
849 2660 911 2755 τὴν
935 2666 996 2735 τοῦ

52 2772 259 2857 θεοπέμπτου
280 2768 386 2857 φύσιν
409 2766 465 2839 διά
490 2768 550 2860 τὴν
570 2765 827 2859 ἀπαράλλακτον
848 2774 916 2839 τάν
934 2763 993 2838 άν·
1012 2793 1044 2843 25

52 2878 227 2959 θρωπείων
246 2879 355 2961 ἔργων
370 2868 555 2961 ὁμοιότητα.
590 2870 767 2961 έπιχοόριον
782 2866 996 2960 δέῬωμαίοις
1038 2897 1041 2905 ‘

54 2976 101 3043 καί
122 2974 213 3045 πάνυ
233 2984 344 3065 τίμιον
364 2971 635 3064 όκουρητισμὸς,
664 2972 707 3057 ὥς
720 2979 757 3047 ἐκ
775 2979 909 3046 πολλῶν
933 2971 996 3063 μὲν

54 3080 100 3147 καί
110 3076 225 3149 ἄλλων
237 3076 305 3167 ἐγώ
317 3078 567 3169 συμβάλλομαι,
584 3077 724 3168 μάλιστα
739 3075 773 3149 δ’
789 3082 907 3147 ἐκτῶν
918 3076 994 3167 περὶ
1111 3140 1113 3145 .

55 3178 102 3263 τίς
123 3180 258 3271 πομπάς
284 3180 343 3263 τάς
361 3209 398 3251 τε
424 3187 462 3253 έν
488 3182 682 3277 ίπποδρόμῳ
707 3180 842 3261 καὶτὰς
864 3182 901 3251 έν
919 3192 995 3261 ’τοῖς

55 3284 199 3375 θεάτροις
217 3289 411 3375 γινομένας·
437 3288 475 3357 έν
487 3281 631 3367 άπάσαις
645 3284 708 3374 γάρ
730 3281 846 3363 αὐταῖς
868 3282 994 3373 πρόση·
1011 3300 1045 3355 30

57 3394 101 3472 βοι
113 3386 207 3478 κόροι
228 3396 445 3478 χιτωνίσκους
463 3388 679 3468 ἐνδεδυκότες
699 3392 873 3475 ἐκπρεπεῖς
888 3388 994 3477 κράνη

57 3494 104 3561 καί
119 3496 199 3583 ξίφη
218 3496 275 3563 καὶ
293 3490 426 3585 πάρμας
444 3500 574 3581 ἔχοντες
590 3488 766 3579 στοιχηδὸν
785 3490 995 3579 πορεύονται,
