2367 3850
158 96 221 161 280
521 123 574 138 -·
626 92 759 158 Γ·-

159 251 312 348 φανεράν
340 259 514 326 ποιοῦνται
544 263 723 344 στρατείαν
748 253 805 326 ἐπ’
832 247 957 337 αότόύς
987 257 1045 326 καλ
1069 261 1120 344 τῆς

159 357 284 450 ὁμόρου
305 354 430 447 πολλῆυ
448 365 688 448 λεηλατοῦντες
707 358 881 430 ἐκάκωσαν
899 365 1055 447 ίσχυραίς.
1083 356 1120 428 οό

161 461 228 553 μῆν
245 461 411 550 ἐξεγένετό
431 489 469 549 γε
486 459 600 542 αὐτοῖς
619 459 698 532 οὔτε
716 461 775 542 τάς
798 459 964 550 σόφελείας
984 459 1120 548 άπάγειν

162 561 236 635 οὔτ’
253 561 365 646 αὐτοῖς
379 561 505 644 ἆθιόοις
521 563 705 652 άπελθεῖν,
727 561 805 634 ἄλλ’
819 564 1034 654 ἐκβοηθήσας
1046 563 1119 634 κατά

129 664 316 755 οσπουδῆυ
339 663 356 735 6
375 671 443 736 τῶν
459 663 638 755 Ῥωμαίων
652 665 812 756 βασιλεὺς
833 670 889 737 καὶ
908 675 1055 755 πλησίον
1071 672 1120 755 τῆς

163 773 304 842 ἐκείνων
330 775 542 860 παρεμβολῆς
560 771 705 893 θέμενος
722 769 782 841 τόν
801 770 931 859 χάρακα
943 779 1120 857 προελθεῖν
1137 791 1146 809 ⁴

163 870 286 951 αὐτοὺς
299 868 490 960 ἠνάγκασεν
511 899 526 942 ε
529 873 687 963 ίςμάχην.
721 873 909 961 ἐγένετο
868 902 891 962 μ
910 903 931 942 ν
948 865 1015 942 οὖν
1029 873 1123 960 μέγας

163 972 257 1062 ἀνιὸν
269 977 326 1043 καὶ
339 977 457 1046 πολλοὶ
471 1001 538 1066 παρ
545 973 771 1065 ’ἀμφοτέρων
784 981 922 1064 ἔπεσον,
940 974 1123 1064 ἐκράτησαν

165 1074 227 1149 δὲ
231 1086 378 1166 Ρωμαῖοι
399 1075 483 1148 κατά
499 1101 540 1149 το
528 1077 700 1168 ἔμμονόν
715 1079 831 1148 τεκαὶ
852 1083 1062 1169 φερέπουον,
1081 1069 1125 1147 άν

115 1197 147 1250 10
165 1172 315 1260 ἐθάδες
296 1201 382 1268 ησαν
392 1184 429 1250 ίκ
440 1188 610 1268 πλείστου,
624 1183 681 1250 καὶ
694 1183 928 1270 περιεγενουτο
936 1207 1031 1270 παρα
1045 1179 1124 1250 πολι)

163 1288 233 1354 τοῖν
249 1290 411 1407 Σαβίνων
428 1300 497 1364 τοῖς
516 1309 553 1352 τε
573 1283 761 1407 φεόμουσιν
780 1279 895 1354 αὐτῶν
913 1281 1026 1354 ἐπὶ
988 1312 1054 1354 τον
1071 1284 1124 1372 χά-

163 1413 251 1476 ρακα
265 1385 408 1475 σποράσι
421 1383 508 1456 καῖ’
490 1386 708 1468 ασυντάκτοις
728 1385 908 1468 ἐκποδὸς
891 1386 1052 1510 επόμενοι
1069 1412 1124 1456 πο
1168 1430 1169 1433 =

163 1487 228 1560 λύν
248 1491 384 1560 ἐποίουν
405 1489 522 1578 φόνον.
557 1489 782 1579 κρανῆσαντες
798 1490 836 1560 δὲ
856 1491 968 1560 καλ
928 1517 987 1578 της
1001 1515 1125 1580 παρεμ·
1169 1450 1172 1601 λ,

164 1595 265 1681 βολῆς
291 1589 404 1662 αὐτῶν
427 1597 654 1662 παντοδαπόν
679 1592 858 1682 χρημάτων
882 1592 1054 1682 γεμούσης
1075 1593 1127 1662 καλ
1171 1624 1173 1673 ι

115 1706 147 1758 15
164 1693 243 1774 τοδς
263 1693 507 1819 αἰχμαλώτους,
527 1692 586 1775 οὓς
608 1703 731 1784 ἔλαβον
749 1700 785 1764 oc
800 1703 946 1784 Σαβῖνοι
968 1693 1055 1764 κατά
1073 1692 1126 1774 τάς
1171 1711 1174 1767 ί

166 1795 354 1885 προνομάς,
375 1795 604 1886 ἀπολαβόντες
623 1795 778 1888 άπῆεσαυ
798 1793 853 1868 ἐπ
867 1809 976 1868 οίκου.
1022 1796 1127 1886 αίμεν
1173 1800 1176 1936 6

169 1898 211 1989 δῆ
234 1902 409 1989 πολεμικαὶ
423 1899 559 1988 πράξεις
572 1905 673 1971 τοῦδε
690 1930 752 1971 του
737 1903 933 1989 βασιλέως
945 1904 986 1970 ac
1002 1886 1176 1989 μνήμης

165 2005 222 2073 καί
243 2001 346 2089 λόγου
367 2002 456 2092 παρά
467 2000 646 2092 Ῥωμαίοις
658 2004 884 2093 τυγχάνουσαι
899 2010 1031 2073 τοιαίδε
1043 2004 1127 2084 τινὲς

167 2108 319 2195 λέγονται
332 2107 507 2193 γενέσθαι·
521 2109 690 2177 πολιτικαὶ
706 2104 772 2177 δέ
757 2134 797 2187 ας
813 2114 949 2197 ἔρχομαι
962 2109 1078 2189 λέξων.
1139 2113 1175 2166 53²

116 2221 150 2273 20
215 2207 420 2277 ’.ΧΧΧΧΙΠ
442 2213 587 2299 Προῖτον
604 2210 668 2298 μὲν
693 2215 734 2334 τῆ
755 2209 851 2279 πόλει
869 2225 992 2299 μοῖραν
1013 2206 1056 2279 οὐ
1077 2236 1127 2297 μι-

166 2310 252 2413 κρὰν
272 2312 484 2401 προσέθηκεν
500 2310 732 2400 ἐντειχίσας
698 2338 759 2382 τον
772 2310 956 2399 λεγόμενον
965 2308 1129 2383 Ἀουεντῖ-

167 2435 243 2483 νον
260 2420 328 2484 ἔστι
343 2415 380 2483 δὲ
393 2414 496 2501 λόφος
508 2410 638 2503 ὑψηλός
651 2417 806 2495 ἐπιεικῶς
824 2412 1056 2485 ὀκτωκαίδεκά
1067 2439 1130 2483 που

168 2514 368 2586 σταδίων
333 2544 394 2607 την
408 2512 668 2607 περίμετρον,“
647 2545 684 2598 ος
696 2517 771 2587 τότε
784 2516 849 2607 μὲν
864 2513 948 2607 όλης
961 2522 1129 2587 παντοδα-

168 2623 232 2705 πῆς
247 2618 364 2705 μεστός
377 2610 430 2710 ῆν,
446 2626 602 2709 πλείστης
613 2620 650 2689 66
663 2621 719 2689 καλ
727 2626 955 2707 καλλίστης
916 2646 973 2710 της
985 2617 1130 2745 δάφνης,

118 2710 264 2808 λα’έφ
243 2746 281 2845 ης
296 2718 513 2813 Λαυρῆτον’
493 2721 560 2793 υπὸ
583 2719 762 2811 Ῥωμαίων
779 2730 930 2792 καλεῖται
956 2722 1059 2801 τόπος
1084 2748 1130 2801 τις

31 2907 35 2919 ⁸
168 2826 201 2906 ἐξ
216 2818 337 2892 αὐτοῦ·
352 2830 417 2895 νῦν
433 2826 517 2897 δδοί
503 2832 601 2897 ι’κιιόν
619 2829 688 2895 ἐστι
703 2822 960 2923 πλῆρηςάπας,
966 2830 1056 2894 ἔνθα
1069 2821 1132 2893 συν

168 2934 302 3011 πολλοῖς
321 2922 435 3006 άλλοις
455 2926 563 2999 καὶ
529 2956 566 2997 το
581 2933 640 3018 τῆς
662 2925 853 3048 Ἀρτέμιδος
873 2914 966 3015 ἱερόν
984 2931 1131 3015 ἵδρυται,

169 3038 314 3117 είρχεται
346 3024 427 3097 66'
408 3026 470 3116 αφ’
499 3032 614 3119 ετέρου
641 3034 710 3099 ’τοῖν
741 3022 1059 3124 συμπεριεχομένων
1092 3032 1152 3151 τῆ

164 3126 278 3255 Ῥάμη
292 3129 408 3218 λόφων
425 3156 485 3199 του
471 3135 710 3221 καλουμένου
717 3138 932 3201 Παλλαντίου
939 3127 1079 3219 ,περί
1057 3158 1098 3199 ον
1111 3159 1130 3219 η
1119 3125 1176 3191 ’ὅθ

119 3250 152 3302 30
169 3234 283 3323 πράτη
302 3245 614 3303 κατασκευασθεῖσα
632 3235 727 3313 πόλις
756 3234 901 3322 ίδρόθη,
928 3225 1060 3323 βαθείᾳ
1077 3234 1132 3303 καλ

169 3338 269 3419 στενῆ
290 3334 450 3422 φάραγγι.
490 3339 529 3406 ἐν
543 3336 581 3404 δὲ
600 3351 671 3415 τοῖς
682 3334 827 3425 ὕστερον
845 3333 978 3423 χρόνοις
997 3334 1131 3422 έχσόσθη

168 3436 233 3510 πᾶς
252 3429 407 3519 ὁμεταξῦ
431 3442 499 3507 τάν
513 3437 631 3527 λόφων
652 3434 776 3507 αόλοόν.
803 3442 923 3509 τοῦτον
939 3433 983 3526 δῆ
994 3435 1058 3506 τόν
1073 3435 1128 3505 λό-
