<?xml version="1.0" encoding="UTF-8"?>
<!DOCTYPE html PUBLIC "-//W3C//DTD XHTML 1.0 Transitional//EN"
    "http://www.w3.org/TR/xhtml1/DTD/xhtml1-transitional.dtd">
<html xmlns="http://www.w3.org/1999/xhtml" xml:lang="en" lang="en">
 <head>
  <title>
</title>
<meta http-equiv="Content-Type" content="text/html;charset=utf-8" />
  <meta name='ocr-system' content='tesseract 3.04.00' />
  <meta name='ocr-capabilities' content='ocr_page ocr_carea ocr_par ocr_line ocrx_word'/>
</head>
<body>
  <div class='ocr_page' id='page_1' title='image "./dionysihalicarn00kiesgoog/dionysihalicarn00kiesgoog_0244.png"; bbox 0 0 2367 3850; ppageno 0'>
   <div class='ocr_carea' id='block_1_1' title="bbox 180 101 763 168">
    <p class='ocr_par' dir='ltr' id='par_1_1' title="bbox 180 101 763 168">
     <span class='ocr_line' id='line_1_1' title="bbox 180 101 763 168; baseline -0.005 -2"><span class='ocrx_word' id='word_1_1' title='bbox 180 103 239 168; x_wconf 76' lang='lat'><strong><em>178</em></strong></span> <span class='ocrx_word' id='word_1_2' title='bbox 533 101 763 163; x_wconf 84' lang='lat' dir='ltr'><strong><em>-B—</em></strong></span> 
     </span>
    </p>
   </div>
   <div class='ocr_carea' id='block_1_2' title="bbox 107 259 1175 3439">
    <p class='ocr_par' dir='ltr' id='par_1_2' title="bbox 179 259 1169 663">
     <span class='ocr_line' id='line_1_2' title="bbox 254 259 1141 353; baseline -0.006 -18"><span class='ocrx_word' id='word_1_3' title='bbox 254 263 349 335; x_wconf 84' lang='lat' dir='ltr'><strong>Lffll.</strong></span> <span class='ocrx_word' id='word_1_4' title='bbox 375 259 475 334; x_wconf 83' lang='grc' dir='ltr'><strong><em>Μετά</em></strong></span> <span class='ocrx_word' id='word_1_5' title='bbox 487 269 608 334; x_wconf 86' lang='grc' dir='ltr'><strong><em>τοῦτον</em></strong></span> <span class='ocrx_word' id='word_1_6' title='bbox 620 261 680 334; x_wconf 85' lang='grc' dir='ltr'><strong><em>τόν</em></strong></span> <span class='ocrx_word' id='word_1_7' title='bbox 693 261 842 353; x_wconf 88' lang='grc' dir='ltr'><strong><em>πόλεμον</em></strong></span> <span class='ocrx_word' id='word_1_8' title='bbox 858 263 914 334; x_wconf 83' lang='grc' dir='ltr'><strong><em>ἐπὶ</em></strong></span> <span class='ocrx_word' id='word_1_9' title='bbox 927 268 1141 353; x_wconf 70' lang='grc' dir='ltr'><strong><em>Καμερίνους</em></strong></span> 
     </span>
     <span class='ocr_line' id='line_1_3' title="bbox 179 365 1142 459; baseline -0.004 -20"><span class='ocrx_word' id='word_1_10' title='bbox 179 368 399 459; x_wconf 75' lang='grc' dir='ltr'><strong><em>ἐστράτευσεν</em></strong></span> <span class='ocrx_word' id='word_1_11' title='bbox 420 369 675 456; x_wconf 79' lang='grc' dir='ltr'><strong><em>ἐπιτιθεμένους</em></strong></span> <span class='ocrx_word' id='word_1_12' title='bbox 700 382 770 448; x_wconf 80' lang='grc' dir='ltr'><strong><em>τοϊς</em></strong></span> <span class='ocrx_word' id='word_1_13' title='bbox 800 365 890 456; x_wconf 81' lang='grc' dir='ltr'><strong><em>παρὰ</em></strong></span> <span class='ocrx_word' id='word_1_14' title='bbox 910 375 1025 456; x_wconf 91' lang='grc' dir='ltr'><strong><em>σφίσιν</em></strong></span> <span class='ocrx_word' id='word_1_15' title='bbox 1050 369 1142 435; x_wconf 90' lang='grc' dir='ltr'><strong><em>ἐποί·</em></strong></span> 
     </span>
     <span class='ocr_line' id='line_1_4' title="bbox 179 465 1169 559; baseline -0.006 -17"><span class='ocrx_word' id='word_1_16' title='bbox 179 499 267 559; x_wconf 88' lang='grc' dir='ltr'><strong><em>κοις,</em></strong></span> <span class='ocrx_word' id='word_1_17' title='bbox 289 467 371 541; x_wconf 91' lang='grc' dir='ltr'><strong><em>καθ’</em></strong></span> <span class='ocrx_word' id='word_1_18' title='bbox 387 467 427 539; x_wconf 83' lang='grc' dir='ltr'><strong><em>ὃν</em></strong></span> <span class='ocrx_word' id='word_1_19' title='bbox 446 469 570 559; x_wconf 84' lang='grc' dir='ltr'><strong><em>χρόνον</em></strong></span> <span class='ocrx_word' id='word_1_20' title='bbox 582 475 733 559; x_wconf 63' lang='grc' dir='ltr'><strong><em>ἔκαμνεν</em></strong></span> <span class='ocrx_word' id='word_1_21' title='bbox 752 465 953 559; x_wconf 85' lang='grc' dir='ltr'><strong><em>ήῬωμαίων</em></strong></span> <span class='ocrx_word' id='word_1_22' title='bbox 968 468 1065 549; x_wconf 88' lang='grc' dir='ltr'><strong><em>πόλις</em></strong></span> <span class='ocrx_word' id='word_1_23' title='bbox 1078 465 1142 537; x_wconf 85' lang='grc' dir='ltr'><strong><em>ύπδ</em></strong></span> <span class='ocrx_word' id='word_1_24' title='bbox 1168 527 1169 547; x_wconf 67' lang='grc'><strong><em>,</em></strong></span> 
     </span>
     <span class='ocr_line' id='line_1_5' title="bbox 179 564 1141 663; baseline -0.005 -19"><span class='ocrx_word' id='word_1_25' title='bbox 179 575 284 645; x_wconf 93' lang='grc' dir='ltr'><strong><em>νόσου</em></strong></span> <span class='ocrx_word' id='word_1_26' title='bbox 297 578 464 662; x_wconf 80' lang='grc' dir='ltr'><strong><em>λοιμικῆς·</em></strong></span> <span class='ocrx_word' id='word_1_27' title='bbox 480 564 504 663; x_wconf 83' lang='grc' dir='ltr'><strong><em>ή</em></strong></span> <span class='ocrx_word' id='word_1_28' title='bbox 517 571 559 662; x_wconf 82' lang='grc' dir='ltr'><strong><em>δὴ</em></strong></span> <span class='ocrx_word' id='word_1_29' title='bbox 568 571 710 662; x_wconf 86' lang='grc' dir='ltr'><strong><em>μάλιστα</em></strong></span> <span class='ocrx_word' id='word_1_30' title='bbox 724 575 929 661; x_wconf 77' lang='grc' dir='ltr'><strong><em>ἐπαρθέντες</em></strong></span> <span class='ocrx_word' id='word_1_31' title='bbox 946 577 981 642; x_wconf 90' lang='grc' dir='ltr'><strong><em>σί</em></strong></span> <span class='ocrx_word' id='word_1_32' title='bbox 991 578 1141 660; x_wconf 77' lang='grc' dir='ltr'><strong><em>Καμαρι-</em></strong></span> 
     </span>
    </p>

    <p class='ocr_par' dir='ltr' id='par_1_3' title="bbox 107 646 1175 3439">
     <span class='ocr_line' id='line_1_6' title="bbox 145 672 1141 767; baseline -0.005 -19"><span class='ocrx_word' id='word_1_33' title='bbox 145 688 234 749; x_wconf 69' lang='grc' dir='ltr'><strong><em>5νοι</em></strong></span> <span class='ocrx_word' id='word_1_34' title='bbox 254 676 310 747; x_wconf 80' lang='grc' dir='ltr'><strong><em>καὶ</em></strong></span> <span class='ocrx_word' id='word_1_35' title='bbox 329 685 525 766; x_wconf 88' lang='grc' dir='ltr'><strong><em>νομίσαντες</em></strong></span> <span class='ocrx_word' id='word_1_36' title='bbox 538 674 648 765; x_wconf 83' lang='grc' dir='ltr'><strong><em>ἄρδην</em></strong></span> <span class='ocrx_word' id='word_1_37' title='bbox 667 674 705 745; x_wconf 86' lang='grc' dir='ltr'><strong><em>τὸ</em></strong></span> <span class='ocrx_word' id='word_1_38' title='bbox 719 672 891 767; x_wconf 86' lang='grc' dir='ltr'><strong><em>Ῥωμαίων</em></strong></span> <span class='ocrx_word' id='word_1_39' title='bbox 913 673 1141 764; x_wconf 87' lang='grc' dir='ltr'><strong><em>διαφθαρήσε-</em></strong></span> 
     </span>
     <span class='ocr_line' id='line_1_7' title="bbox 179 774 1144 869; baseline -0.002 -21"><span class='ocrx_word' id='word_1_40' title='bbox 179 791 262 850; x_wconf 91' lang='grc' dir='ltr'><strong><em>σθαι</em></strong></span> <span class='ocrx_word' id='word_1_41' title='bbox 284 779 380 865; x_wconf 87' lang='grc' dir='ltr'><strong><em>γένος</em></strong></span> <span class='ocrx_word' id='word_1_42' title='bbox 399 774 466 847; x_wconf 86' lang='grc' dir='ltr'><strong><em>ύπδ</em></strong></span> <span class='ocrx_word' id='word_1_43' title='bbox 481 785 539 869; x_wconf 80' lang='grc' dir='ltr'><strong><em>της</em></strong></span> <span class='ocrx_word' id='word_1_44' title='bbox 562 782 738 869; x_wconf 84' lang='grc' dir='ltr'><strong><em>συμφοράς</em></strong></span> <span class='ocrx_word' id='word_1_45' title='bbox 764 776 843 859; x_wconf 86' lang='grc' dir='ltr'><strong><em>τούς</em></strong></span> <span class='ocrx_word' id='word_1_46' title='bbox 862 778 925 867; x_wconf 72' lang='grc' dir='ltr'><strong><em>μὲν</em></strong></span> <span class='ocrx_word' id='word_1_47' title='bbox 944 775 1144 848; x_wconf 84' lang='grc' dir='ltr'><strong><em>άπέκτειναν</em></strong></span> 
     </span>
     <span class='ocr_line' id='line_1_8' title="bbox 180 871 1171 971; baseline -0.003 -20"><span class='ocrx_word' id='word_1_48' title='bbox 180 886 248 951; x_wconf 74' lang='grc' dir='ltr'><strong><em>τόν</em></strong></span> <span class='ocrx_word' id='word_1_49' title='bbox 266 883 430 966; x_wconf 84' lang='grc' dir='ltr'><strong><em>ἐποίκων,</em></strong></span> <span class='ocrx_word' id='word_1_50' title='bbox 454 880 532 962; x_wconf 90' lang='grc' dir='ltr'><strong><em>τούς</em></strong></span> <span class='ocrx_word' id='word_1_51' title='bbox 552 878 588 951; x_wconf 90' lang='grc' dir='ltr'><strong><em>δ’</em></strong></span> <span class='ocrx_word' id='word_1_52' title='bbox 608 885 774 971; x_wconf 76' lang='grc' dir='ltr'><strong><em>ἐξέβαλον.</em></strong></span> <span class='ocrx_word' id='word_1_53' title='bbox 814 878 899 951; x_wconf 81' lang='grc' dir='ltr'><strong><em>ἀνθ’</em></strong></span> <span class='ocrx_word' id='word_1_54' title='bbox 916 871 965 950; x_wconf 70' lang='grc' dir='ltr'><strong><em>οἷν</em></strong></span> <span class='ocrx_word' id='word_1_55' title='bbox 978 881 1142 970; x_wconf 88' lang='grc' dir='ltr'><strong><em>τιμωρού-</em></strong></span> <span class='ocrx_word' id='word_1_56' title='bbox 1170 898 1171 962; x_wconf 64' lang='grc' dir='ltr'><strong><em>ς</em></strong></span> 
     </span>
     <span class='ocr_line' id='line_1_9' title="bbox 107 980 1142 1075; baseline -0.008 -16"><span class='ocrx_word' id='word_1_57' title='bbox 107 1055 112 1059; x_wconf 88' lang='grc'><strong><em>,</em></strong></span> <span class='ocrx_word' id='word_1_58' title='bbox 180 1011 279 1074; x_wconf 90' lang='grc' dir='ltr'><strong><em>μενος</em></strong></span> <span class='ocrx_word' id='word_1_59' title='bbox 293 980 417 1064; x_wconf 88' lang='grc' dir='ltr'><strong><em>αύτούς</em></strong></span> <span class='ocrx_word' id='word_1_60' title='bbox 437 980 653 1075; x_wconf 84' lang='grc' dir='ltr'><strong><em>όῬωμύλος,</em></strong></span> <span class='ocrx_word' id='word_1_61' title='bbox 674 981 791 1073; x_wconf 82' lang='grc' dir='ltr'><strong><em>ἐπειδὴ</em></strong></span> <span class='ocrx_word' id='word_1_62' title='bbox 809 982 846 1053; x_wconf 88' lang='grc' dir='ltr'><strong><em>τὸ</em></strong></span> <span class='ocrx_word' id='word_1_63' title='bbox 867 983 1027 1072; x_wconf 85' lang='grc' dir='ltr'><strong><em>δεύτερον</em></strong></span> <span class='ocrx_word' id='word_1_64' title='bbox 1046 983 1142 1073; x_wconf 85' lang='grc' dir='ltr'><strong><em>ἐκρά·</em></strong></span> 
     </span>
     <span class='ocr_line' id='line_1_10' title="bbox 181 1083 1172 1177; baseline -0.003 -20"><span class='ocrx_word' id='word_1_65' title='bbox 181 1108 260 1177; x_wconf 87' lang='grc' dir='ltr'><strong><em>τησε</em></strong></span> <span class='ocrx_word' id='word_1_66' title='bbox 280 1092 338 1176; x_wconf 79' lang='grc' dir='ltr'><strong><em>τῆς</em></strong></span> <span class='ocrx_word' id='word_1_67' title='bbox 357 1086 501 1173; x_wconf 86' lang='grc' dir='ltr'><strong><em>πόλεως,</em></strong></span> <span class='ocrx_word' id='word_1_68' title='bbox 528 1086 608 1168; x_wconf 84' lang='grc' dir='ltr'><strong><em>τούς</em></strong></span> <span class='ocrx_word' id='word_1_69' title='bbox 623 1087 685 1176; x_wconf 70' lang='grc' dir='ltr'><strong><em>μὲν</em></strong></span> <span class='ocrx_word' id='word_1_70' title='bbox 707 1093 840 1168; x_wconf 75' lang='grc' dir='ltr'><strong><em>αἰτίους,</em></strong></span> <span class='ocrx_word' id='word_1_71' title='bbox 854 1091 920 1176; x_wconf 73' lang='grc' dir='ltr'><strong><em>τῆς</em></strong></span> <span class='ocrx_word' id='word_1_72' title='bbox 933 1083 1145 1165; x_wconf 83' lang='grc' dir='ltr'><strong><em>ἀποστάσεως</em></strong></span> <span class='ocrx_word' id='word_1_73' title='bbox 1169 1123 1172 1170; x_wconf 45' lang='lat'><em>4</em></span> 
     </span>
     <span class='ocr_line' id='line_1_11' title="bbox 131 1186 1145 1279; baseline 0 -23"><span class='ocrx_word' id='word_1_74' title='bbox 131 1204 165 1256; x_wconf 83' lang='lat'><strong><em>10</em></strong></span> <span class='ocrx_word' id='word_1_75' title='bbox 182 1187 375 1276; x_wconf 87' lang='grc' dir='ltr'><strong><em>άπέκτεινε,</em></strong></span> <span class='ocrx_word' id='word_1_76' title='bbox 392 1207 463 1271; x_wconf 81' lang='grc' dir='ltr'><strong><em>τοῖς</em></strong></span> <span class='ocrx_word' id='word_1_77' title='bbox 477 1190 514 1260; x_wconf 72' lang='grc' dir='ltr'><strong><em>δὲ</em></strong></span> <span class='ocrx_word' id='word_1_78' title='bbox 534 1189 750 1279; x_wconf 74' lang='grc' dir='ltr'><strong><em>στρατιώταις</em></strong></span> <span class='ocrx_word' id='word_1_79' title='bbox 766 1188 948 1278; x_wconf 90' lang='grc' dir='ltr'><strong><em>διαρπάσαι</em></strong></span> <span class='ocrx_word' id='word_1_80' title='bbox 962 1186 1024 1278; x_wconf 85' lang='grc' dir='ltr'><strong><em>τήν</em></strong></span> <span class='ocrx_word' id='word_1_81' title='bbox 1047 1189 1145 1260; x_wconf 90' lang='grc' dir='ltr'><strong><em>πόλιν</em></strong></span> 
     </span>
     <span class='ocr_line' id='line_1_12' title="bbox 182 1287 1144 1383; baseline -0.004 -20"><span class='ocrx_word' id='word_1_82' title='bbox 182 1297 305 1383; x_wconf 83' lang='grc' dir='ltr'><strong><em>ἐφῆκε,</em></strong></span> <span class='ocrx_word' id='word_1_83' title='bbox 327 1298 387 1381; x_wconf 86' lang='grc' dir='ltr'><strong><em>τής</em></strong></span> <span class='ocrx_word' id='word_1_84' title='bbox 401 1321 437 1362; x_wconf 88' lang='grc' dir='ltr'><strong><em>τε</em></strong></span> <span class='ocrx_word' id='word_1_85' title='bbox 450 1292 558 1382; x_wconf 80' lang='grc' dir='ltr'><strong><em>γάρος</em></strong></span> <span class='ocrx_word' id='word_1_86' title='bbox 572 1290 633 1381; x_wconf 86' lang='grc' dir='ltr'><strong><em>τήν</em></strong></span> <span class='ocrx_word' id='word_1_87' title='bbox 652 1287 809 1381; x_wconf 89' lang='grc' dir='ltr'><strong><em>ήμίσειαν</em></strong></span> <span class='ocrx_word' id='word_1_88' title='bbox 822 1290 1072 1380; x_wconf 81' lang='grc' dir='ltr'><strong><em>ἀποτεμόμενος</em></strong></span> <span class='ocrx_word' id='word_1_89' title='bbox 1088 1297 1144 1376; x_wconf 78' lang='grc' dir='ltr'><strong><em>ἔξω</em></strong></span> 
     </span>
     <span class='ocr_line' id='line_1_13' title="bbox 181 1393 1173 1485; baseline -0.003 -20"><span class='ocrx_word' id='word_1_90' title='bbox 181 1401 240 1485; x_wconf 87' lang='grc' dir='ltr'><strong><em>τής</em></strong></span> <span class='ocrx_word' id='word_1_91' title='bbox 253 1393 418 1485; x_wconf 90' lang='grc' dir='ltr'><strong><em>πρότερον</em></strong></span> <span class='ocrx_word' id='word_1_92' title='bbox 439 1411 508 1476; x_wconf 84' lang='grc' dir='ltr'><strong><em>τοίς</em></strong></span> <span class='ocrx_word' id='word_1_93' title='bbox 528 1393 726 1484; x_wconf 77' lang='grc' dir='ltr'><strong><em>κληρούχοις</em></strong></span> <span class='ocrx_word' id='word_1_94' title='bbox 748 1400 906 1483; x_wconf 79' lang='grc' dir='ltr'><strong><em>δοθείσης</em></strong></span> <span class='ocrx_word' id='word_1_95' title='bbox 920 1396 977 1464; x_wconf 79' lang='grc' dir='ltr'><strong><em>καὶ</em></strong></span> <span class='ocrx_word' id='word_1_96' title='bbox 991 1393 1146 1484; x_wconf 87' lang='grc' dir='ltr'><strong><em>φρουράν</em></strong></span> <span class='ocrx_word' id='word_1_97' title='bbox 1172 1431 1173 1436; x_wconf 41' lang='lat'>1</span> 
     </span>
     <span class='ocr_line' id='line_1_14' title="bbox 181 1491 1147 1587; baseline -0.004 -18"><span class='ocrx_word' id='word_1_98' title='bbox 181 1497 363 1586; x_wconf 80' lang='grc' dir='ltr'><strong><em>ἀξιόχρεων</em></strong></span> <span class='ocrx_word' id='word_1_99' title='bbox 372 1496 580 1584; x_wconf 77' lang='grc' dir='ltr'><strong><em>καταλιπων,</em></strong></span> <span class='ocrx_word' id='word_1_100' title='bbox 595 1491 641 1577; x_wconf 76' lang='grc' dir='ltr'><strong><em>τός</em></strong></span> <span class='ocrx_word' id='word_1_101' title='bbox 654 1497 761 1587; x_wconf 74' lang='grc' dir='ltr'><strong><em>μηδὲν</em></strong></span> <span class='ocrx_word' id='word_1_102' title='bbox 771 1503 820 1568; x_wconf 89' lang='grc' dir='ltr'><strong><em>ἐτι</em></strong></span> <span class='ocrx_word' id='word_1_103' title='bbox 830 1502 1058 1587; x_wconf 82' lang='grc' dir='ltr'><strong><em>παρακινῆσαι</em></strong></span> <span class='ocrx_word' id='word_1_104' title='bbox 1073 1496 1147 1577; x_wconf 87' lang='grc' dir='ltr'><strong><em>τούς</em></strong></span> 
     </span>
     <span class='ocr_line' id='line_1_15' title="bbox 163 1598 1145 1691; baseline -0.003 -19"><span class='ocrx_word' id='word_1_105' title='bbox 163 1651 169 1658; x_wconf 83' lang='lat'><strong>·</strong></span> <span class='ocrx_word' id='word_1_106' title='bbox 183 1607 284 1672; x_wconf 77' lang='grc' dir='ltr'><strong><em>ἔνδον</em></strong></span> <span class='ocrx_word' id='word_1_107' title='bbox 290 1654 299 1688; x_wconf 97' lang='grc'><strong><em>,</em></strong></span> <span class='ocrx_word' id='word_1_108' title='bbox 320 1599 428 1690; x_wconf 83' lang='grc' dir='ltr'><strong><em>άπήγε</em></strong></span> <span class='ocrx_word' id='word_1_109' title='bbox 448 1598 510 1690; x_wconf 90' lang='grc' dir='ltr'><strong><em>τήν</em></strong></span> <span class='ocrx_word' id='word_1_110' title='bbox 525 1598 681 1688; x_wconf 87' lang='grc' dir='ltr'><strong><em>δύναμιν.</em></strong></span> <span class='ocrx_word' id='word_1_111' title='bbox 714 1603 751 1669; x_wconf 86' lang='grc' dir='ltr'><strong><em>ἐκ</em></strong></span> <span class='ocrx_word' id='word_1_112' title='bbox 766 1601 888 1690; x_wconf 83' lang='grc' dir='ltr'><strong><em>ταύτης</em></strong></span> <span class='ocrx_word' id='word_1_113' title='bbox 901 1605 959 1689; x_wconf 82' lang='grc' dir='ltr'><strong><em>τῆς</em></strong></span> <span class='ocrx_word' id='word_1_114' title='bbox 974 1608 1145 1691; x_wconf 86' lang='grc' dir='ltr'><strong><em>στρατείας</em></strong></span> 
     </span>
     <span class='ocr_line' id='line_1_16' title="bbox 133 1700 1145 1794; baseline 0.001 -23"><span class='ocrx_word' id='word_1_115' title='bbox 133 1721 166 1774; x_wconf 74' lang='grc'><strong><em>15</em></strong></span> <span class='ocrx_word' id='word_1_116' title='bbox 183 1706 240 1774; x_wconf 81' lang='grc' dir='ltr'><strong><em>καὶ</em></strong></span> <span class='ocrx_word' id='word_1_117' title='bbox 263 1703 426 1794; x_wconf 88' lang='grc' dir='ltr'><strong><em>δεύτερον</em></strong></span> <span class='ocrx_word' id='word_1_118' title='bbox 447 1710 619 1792; x_wconf 88' lang='grc' dir='ltr'><strong><em>θρίαμβον</em></strong></span> <span class='ocrx_word' id='word_1_119' title='bbox 634 1702 801 1792; x_wconf 77' lang='grc' dir='ltr'><strong><em>κατήγαγε</em></strong></span> <span class='ocrx_word' id='word_1_120' title='bbox 822 1704 879 1772; x_wconf 81' lang='grc' dir='ltr'><strong><em>καὶ</em></strong></span> <span class='ocrx_word' id='word_1_121' title='bbox 905 1700 972 1773; x_wconf 87' lang='grc' dir='ltr'><strong><em>άπδ</em></strong></span> <span class='ocrx_word' id='word_1_122' title='bbox 992 1709 1063 1773; x_wconf 81' lang='grc' dir='ltr'><strong><em>τεόν</em></strong></span> <span class='ocrx_word' id='word_1_123' title='bbox 1091 1713 1145 1773; x_wconf 90' lang='grc' dir='ltr'><strong><em>λα-</em></strong></span> 
     </span>
     <span class='ocr_line' id='line_1_17' title="bbox 183 1802 1146 1900; baseline -0.002 -24"><span class='ocrx_word' id='word_1_124' title='bbox 183 1806 305 1896; x_wconf 83' lang='grc' dir='ltr'><strong><em>φύρων</em></strong></span> <span class='ocrx_word' id='word_1_125' title='bbox 318 1810 507 1895; x_wconf 79' lang='grc' dir='ltr'><strong><em>τέθριππον</em></strong></span> <span class='ocrx_word' id='word_1_126' title='bbox 521 1810 670 1893; x_wconf 82' lang='grc' dir='ltr'><strong><em>χαλκοῦν</em></strong></span> <span class='ocrx_word' id='word_1_127' title='bbox 685 1802 832 1895; x_wconf 82' lang='grc' dir='ltr'><strong><em>άνέθηκε</em></strong></span> <span class='ocrx_word' id='word_1_128' title='bbox 845 1810 893 1900; x_wconf 75' lang='grc' dir='ltr'><strong><em>τῷ</em></strong></span> <span class='ocrx_word' id='word_1_129' title='bbox 906 1802 1081 1898; x_wconf 74' lang='grc' dir='ltr'><strong><em>Ἡφαίστῳ</em></strong></span> <span class='ocrx_word' id='word_1_130' title='bbox 1095 1809 1146 1876; x_wconf 77' lang='grc' dir='ltr'><strong><em>καὶ</em></strong></span> 
     </span>
     <span class='ocr_line' id='line_1_18' title="bbox 183 1904 1146 2003; baseline -0.004 -22"><span class='ocrx_word' id='word_1_131' title='bbox 183 1905 265 1997; x_wconf 84' lang='grc' dir='ltr'><strong><em>παρ’</em></strong></span> <span class='ocrx_word' id='word_1_132' title='bbox 300 1904 392 2003; x_wconf 76' lang='grc' dir='ltr'><strong><em>αύτῷ</em></strong></span> <span class='ocrx_word' id='word_1_133' title='bbox 420 1906 482 1999; x_wconf 89' lang='grc' dir='ltr'><strong><em>τήν</em></strong></span> <span class='ocrx_word' id='word_1_134' title='bbox 512 1913 606 1979; x_wconf 85' lang='grc' dir='ltr'><strong><em>ίδίαν</em></strong></span> <span class='ocrx_word' id='word_1_135' title='bbox 641 1914 780 1999; x_wconf 79' lang='grc' dir='ltr'><strong><em>ἔστησεν</em></strong></span> <span class='ocrx_word' id='word_1_136' title='bbox 816 1911 930 1981; x_wconf 85' lang='grc' dir='ltr'><strong><em>είκόνα</em></strong></span> <span class='ocrx_word' id='word_1_137' title='bbox 962 1908 1146 1999; x_wconf 73' lang='grc' dir='ltr'><strong><em>ἐπιγράψας</em></strong></span> 
     </span>
     <span class='ocr_line' id='line_1_19' title="bbox 176 2009 1175 2103; baseline 0 -20"><span class='ocrx_word' id='word_1_138' title='bbox 176 2009 380 2101; x_wconf 75' lang='grc' dir='ltr'><strong><em>Ἑλληνικοῖς</em></strong></span> <span class='ocrx_word' id='word_1_139' title='bbox 406 2011 577 2103; x_wconf 88' lang='grc' dir='ltr'><strong><em>γράμμασι</em></strong></span> <span class='ocrx_word' id='word_1_140' title='bbox 605 2010 662 2093; x_wconf 87' lang='grc' dir='ltr'><strong><em>τάς</em></strong></span> <span class='ocrx_word' id='word_1_141' title='bbox 692 2014 814 2083; x_wconf 79' lang='grc' dir='ltr'><strong><em>ἑαυτοῦ</em></strong></span> <span class='ocrx_word' id='word_1_142' title='bbox 835 2012 979 2102; x_wconf 82' lang='grc' dir='ltr'><strong><em>πράξεις.</em></strong></span> <span class='ocrx_word' id='word_1_143' title='bbox 1032 2020 1175 2099; x_wconf 70' lang='grc' dir='ltr'><strong><em>τρίτοςδι</em></strong></span> 
     </span>
     <span class='ocr_line' id='line_1_20' title="bbox 184 2113 1147 2211; baseline -0.002 -26"><span class='ocrx_word' id='word_1_144' title='bbox 184 2113 275 2210; x_wconf 75' lang='grc' dir='ltr'><strong><em>αὐτῷ</em></strong></span> <span class='ocrx_word' id='word_1_145' title='bbox 295 2116 439 2204; x_wconf 85' lang='grc' dir='ltr'><strong><em>συνίστη</em></strong></span> <span class='ocrx_word' id='word_1_146' title='bbox 455 2115 598 2204; x_wconf 90' lang='grc' dir='ltr'><strong><em>πόλεμος</em></strong></span> <span class='ocrx_word' id='word_1_147' title='bbox 612 2113 694 2206; x_wconf 85' lang='grc' dir='ltr'><strong><em>πρός</em></strong></span> <span class='ocrx_word' id='word_1_148' title='bbox 715 2123 839 2195; x_wconf 80' lang='grc' dir='ltr'><strong><em>ἔθνους</em></strong></span> <span class='ocrx_word' id='word_1_149' title='bbox 859 2122 1074 2204; x_wconf 85' lang='grc' dir='ltr'><strong><em>Τυρρηνικοῦ</em></strong></span> <span class='ocrx_word' id='word_1_150' title='bbox 1082 2114 1147 2211; x_wconf 82' lang='grc' dir='ltr'><strong><em>Ιτήν</em></strong></span> 
     </span>
     <span class='ocr_line' id='line_1_21' title="bbox 132 2215 1147 2309; baseline -0.002 -20"><span class='ocrx_word' id='word_1_151' title='bbox 132 2236 167 2289; x_wconf 75' lang='lat'><strong><em>20</em></strong></span> <span class='ocrx_word' id='word_1_152' title='bbox 182 2225 344 2309; x_wconf 87' lang='grc' dir='ltr'><strong><em>μεγίστην</em></strong></span> <span class='ocrx_word' id='word_1_153' title='bbox 363 2217 463 2307; x_wconf 86' lang='grc' dir='ltr'><strong><em>ίσχύν</em></strong></span> <span class='ocrx_word' id='word_1_154' title='bbox 485 2226 628 2306; x_wconf 82' lang='grc' dir='ltr'><strong><em>ἔχουσαν</em></strong></span> <span class='ocrx_word' id='word_1_155' title='bbox 646 2216 720 2288; x_wconf 91' lang='grc' dir='ltr'><strong><em>τότε</em></strong></span> <span class='ocrx_word' id='word_1_156' title='bbox 742 2217 859 2304; x_wconf 90' lang='grc' dir='ltr'><strong><em>πόλιν,</em></strong></span> <span class='ocrx_word' id='word_1_157' title='bbox 880 2215 1067 2307; x_wconf 83' lang='grc' dir='ltr'><strong><em>ήκαλεῑται</em></strong></span> <span class='ocrx_word' id='word_1_158' title='bbox 1086 2220 1147 2307; x_wconf 72' lang='grc' dir='ltr'><strong><em>μὲν</em></strong></span> 
     </span>
     <span class='ocr_line' id='line_1_22' title="bbox 186 2317 1146 2411; baseline -0.002 -20"><span class='ocrx_word' id='word_1_159' title='bbox 186 2319 300 2411; x_wconf 81' lang='grc' dir='ltr'><strong><em>Ούιολ,</em></strong></span> <span class='ocrx_word' id='word_1_160' title='bbox 321 2317 437 2409; x_wconf 84' lang='grc' dir='ltr'><strong><em>άπέχει</em></strong></span> <span class='ocrx_word' id='word_1_161' title='bbox 457 2321 496 2391; x_wconf 72' lang='grc' dir='ltr'><strong><em>δὲ</em></strong></span> <span class='ocrx_word' id='word_1_162' title='bbox 514 2326 571 2409; x_wconf 83' lang='grc' dir='ltr'><strong><em>τῆς</em></strong></span> <span class='ocrx_word' id='word_1_163' title='bbox 587 2317 710 2410; x_wconf 83' lang='grc' dir='ltr'><strong><em>Ῥάμης</em></strong></span> <span class='ocrx_word' id='word_1_164' title='bbox 731 2318 817 2409; x_wconf 80' lang='grc' dir='ltr'><strong><em>ἀμφὶ</em></strong></span> <span class='ocrx_word' id='word_1_165' title='bbox 837 2318 915 2402; x_wconf 86' lang='grc' dir='ltr'><strong><em>τούς</em></strong></span> <span class='ocrx_word' id='word_1_166' title='bbox 930 2319 1050 2390; x_wconf 83' lang='grc' dir='ltr'><strong><em>ἑκατόν</em></strong></span> <span class='ocrx_word' id='word_1_167' title='bbox 1068 2340 1146 2389; x_wconf 85' lang='grc' dir='ltr'><strong><em>στα-</em></strong></span> 
     </span>
     <span class='ocr_line' id='line_1_23' title="bbox 185 2419 1146 2513; baseline -0.002 -18"><span class='ocrx_word' id='word_1_168' title='bbox 185 2430 295 2513; x_wconf 89' lang='grc' dir='ltr'><strong><em>δίους,</em></strong></span> <span class='ocrx_word' id='word_1_169' title='bbox 317 2439 425 2495; x_wconf 82' lang='grc' dir='ltr'><strong><em>κεῖται</em></strong></span> <span class='ocrx_word' id='word_1_170' title='bbox 440 2420 474 2494; x_wconf 90' lang='grc' dir='ltr'><strong><em>δ’</em></strong></span> <span class='ocrx_word' id='word_1_171' title='bbox 492 2420 549 2511; x_wconf 88' lang='grc' dir='ltr'><strong><em>ἐφ’</em></strong></span> <span class='ocrx_word' id='word_1_172' title='bbox 563 2419 697 2513; x_wconf 78' lang='grc' dir='ltr'><strong><em>ὑψηλοῦ</em></strong></span> <span class='ocrx_word' id='word_1_173' title='bbox 716 2426 882 2494; x_wconf 87' lang='grc' dir='ltr'><strong><em>σκοπέλου</em></strong></span> <span class='ocrx_word' id='word_1_174' title='bbox 903 2426 960 2494; x_wconf 84' lang='grc' dir='ltr'><strong><em>καὶ</em></strong></span> <span class='ocrx_word' id='word_1_175' title='bbox 980 2430 1146 2513; x_wconf 76' lang='grc' dir='ltr'><strong><em>περιρρῶ-</em></strong></span> 
     </span>
     <span class='ocr_line' id='line_1_24' title="bbox 184 2522 1150 2617; baseline -0.002 -20"><span class='ocrx_word' id='word_1_176' title='bbox 184 2555 241 2617; x_wconf 92' lang='grc' dir='ltr'><strong><em>γος</em></strong></span> <span class='ocrx_word' id='word_1_177' title='bbox 260 2528 404 2617; x_wconf 82' lang='grc' dir='ltr'><strong><em>με’γεθος</em></strong></span> <span class='ocrx_word' id='word_1_178' title='bbox 425 2535 546 2617; x_wconf 84' lang='grc' dir='ltr'><strong><em>ἔχουσα</em></strong></span> <span class='ocrx_word' id='word_1_179' title='bbox 564 2523 646 2595; x_wconf 84' lang='grc' dir='ltr'><strong><em>ὅσον</em></strong></span> <span class='ocrx_word' id='word_1_180' title='bbox 655 2522 807 2614; x_wconf 81' lang='grc' dir='ltr'><strong><em>Ἀθήναι</em></strong></span> <span class='ocrx_word' id='word_1_181' title='bbox 848 2526 1046 2614; x_wconf 89' lang='grc' dir='ltr'><strong><em>ἐποιήσαντο</em></strong></span> <span class='ocrx_word' id='word_1_182' title='bbox 1063 2525 1098 2595; x_wconf 85' lang='grc' dir='ltr'><strong><em>δ’</em></strong></span> <span class='ocrx_word' id='word_1_183' title='bbox 1115 2531 1150 2595; x_wconf 83' lang='grc' dir='ltr'><strong><em>οἱ</em></strong></span> 
     </span>
     <span class='ocr_line' id='line_1_25' title="bbox 186 2626 1147 2719; baseline -0.001 -21"><span class='ocrx_word' id='word_1_184' title='bbox 186 2626 387 2700; x_wconf 77' lang='grc' dir='ltr'><strong><em>Οὐιεντανοὶ</em></strong></span> <span class='ocrx_word' id='word_1_185' title='bbox 409 2635 471 2700; x_wconf 83' lang='grc' dir='ltr'><strong><em>τού</em></strong></span> <span class='ocrx_word' id='word_1_186' title='bbox 491 2629 639 2719; x_wconf 73' lang='grc' dir='ltr'><strong><em>πολέμου</em></strong></span> <span class='ocrx_word' id='word_1_187' title='bbox 652 2628 824 2717; x_wconf 87' lang='grc' dir='ltr'><strong><em>πρόφασιν</em></strong></span> <span class='ocrx_word' id='word_1_188' title='bbox 843 2627 904 2717; x_wconf 87' lang='grc' dir='ltr'><strong><em>τήν</em></strong></span> <span class='ocrx_word' id='word_1_189' title='bbox 923 2634 981 2717; x_wconf 81' lang='grc' dir='ltr'><strong><em>τῆς</em></strong></span> <span class='ocrx_word' id='word_1_190' title='bbox 996 2627 1147 2719; x_wconf 76' lang='grc' dir='ltr'><strong><em>Φιδήνης</em></strong></span> 
     </span>
     <span class='ocr_line' id='line_1_26' title="bbox 133 2728 1146 2822; baseline -0.006 -17"><span class='ocrx_word' id='word_1_191' title='bbox 133 2752 166 2805; x_wconf 73' lang='grc'><strong><em>25</em></strong></span> <span class='ocrx_word' id='word_1_192' title='bbox 184 2729 310 2801; x_wconf 80' lang='grc' dir='ltr'><strong><em>ἅλωσιν</em></strong></span> <span class='ocrx_word' id='word_1_193' title='bbox 335 2734 392 2802; x_wconf 80' lang='grc' dir='ltr'><strong><em>καὶ</em></strong></span> <span class='ocrx_word' id='word_1_194' title='bbox 418 2734 574 2822; x_wconf 78' lang='grc' dir='ltr'><strong><em>πρέσβεις</em></strong></span> <span class='ocrx_word' id='word_1_195' title='bbox 602 2729 859 2812; x_wconf 74' lang='grc' dir='ltr'><strong><em>ἀποστείλαντες</em></strong></span> <span class='ocrx_word' id='word_1_196' title='bbox 885 2732 1041 2822; x_wconf 76' lang='grc' dir='ltr'><strong><em>ἐκέλευον</em></strong></span> <span class='ocrx_word' id='word_1_197' title='bbox 1067 2728 1146 2801; x_wconf 89' lang='grc' dir='ltr'><strong><em>Ῥω·</em></strong></span> 
     </span>
     <span class='ocr_line' id='line_1_27' title="bbox 184 2825 1147 2924; baseline 0.001 -22"><span class='ocrx_word' id='word_1_198' title='bbox 184 2837 294 2924; x_wconf 88' lang='grc' dir='ltr'><strong><em>μαίοις</em></strong></span> <span class='ocrx_word' id='word_1_199' title='bbox 314 2825 445 2921; x_wconf 77' lang='grc' dir='ltr'><strong><em>ἐξάγειν</em></strong></span> <span class='ocrx_word' id='word_1_200' title='bbox 465 2838 503 2903; x_wconf 94' lang='grc' dir='ltr'><strong><em>ἐκ</em></strong></span> <span class='ocrx_word' id='word_1_201' title='bbox 523 2840 581 2924; x_wconf 84' lang='grc' dir='ltr'><strong><em>τῆς</em></strong></span> <span class='ocrx_word' id='word_1_202' title='bbox 602 2834 729 2914; x_wconf 87' lang='grc' dir='ltr'><strong><em>πόλεως</em></strong></span> <span class='ocrx_word' id='word_1_203' title='bbox 751 2833 813 2924; x_wconf 90' lang='grc' dir='ltr'><strong><em>τήν</em></strong></span> <span class='ocrx_word' id='word_1_204' title='bbox 835 2831 990 2923; x_wconf 87' lang='grc' dir='ltr'><strong><em>φρουράν</em></strong></span> <span class='ocrx_word' id='word_1_205' title='bbox 1008 2834 1065 2903; x_wconf 80' lang='grc' dir='ltr'><strong><em>καὶ</em></strong></span> <span class='ocrx_word' id='word_1_206' title='bbox 1086 2832 1147 2921; x_wconf 83' lang='grc' dir='ltr'><strong><em>τήν</em></strong></span> 
     </span>
     <span class='ocr_line' id='line_1_28' title="bbox 183 2933 1146 3027; baseline -0.002 -20"><span class='ocrx_word' id='word_1_207' title='bbox 183 2935 313 3027; x_wconf 80' lang='grc' dir='ltr'><strong><em>χάραν,</em></strong></span> <span class='ocrx_word' id='word_1_208' title='bbox 345 2933 387 3025; x_wconf 84' lang='grc' dir='ltr'><strong><em>ἢν</em></strong></span> <span class='ocrx_word' id='word_1_209' title='bbox 413 2950 566 3024; x_wconf 69' lang='grc' dir='ltr'><strong><em>κατεῖχον</em></strong></span> <span class='ocrx_word' id='word_1_210' title='bbox 594 2934 797 3026; x_wconf 78' lang='grc' dir='ltr'><strong><em>ἀφελόμενοι</em></strong></span> <span class='ocrx_word' id='word_1_211' title='bbox 822 2935 900 3018; x_wconf 86' lang='grc' dir='ltr'><strong><em>τούς</em></strong></span> <span class='ocrx_word' id='word_1_212' title='bbox 928 2942 1146 3026; x_wconf 88' lang='grc' dir='ltr'><strong><em>Φιδηναίους,</em></strong></span> 
     </span>
     <span class='ocr_line' id='line_1_29' title="bbox 182 3035 1147 3131; baseline -0.002 -22"><span class='ocrx_word' id='word_1_213' title='bbox 182 3036 382 3109; x_wconf 80' lang='grc' dir='ltr'><strong><em>ἀποδιδόναι</em></strong></span> <span class='ocrx_word' id='word_1_214' title='bbox 402 3054 470 3119; x_wconf 80' lang='grc' dir='ltr'><strong><em>τοϊς</em></strong></span> <span class='ocrx_word' id='word_1_215' title='bbox 483 3041 515 3122; x_wconf 82' lang='grc' dir='ltr'><strong><em>ἐξ</em></strong></span> <span class='ocrx_word' id='word_1_216' title='bbox 530 3036 632 3130; x_wconf 80' lang='grc' dir='ltr'><strong><em>ἀρχῆς</em></strong></span> <span class='ocrx_word' id='word_1_217' title='bbox 645 3046 784 3130; x_wconf 88' lang='grc' dir='ltr'><strong><em>κυρίοις.</em></strong></span> <span class='ocrx_word' id='word_1_218' title='bbox 817 3035 863 3120; x_wconf 77' lang='grc' dir='ltr'><strong><em>ως</em></strong></span> <span class='ocrx_word' id='word_1_219' title='bbox 877 3035 909 3109; x_wconf 88' lang='grc' dir='ltr'><strong><em>δ’</em></strong></span> <span class='ocrx_word' id='word_1_220' title='bbox 924 3036 986 3131; x_wconf 78' lang='grc' dir='ltr'><strong><em>οὐκ</em></strong></span> <span class='ocrx_word' id='word_1_221' title='bbox 1006 3047 1147 3111; x_wconf 79' lang='grc' dir='ltr'><strong><em>ἔπειθον</em></strong></span> 
     </span>
     <span class='ocr_line' id='line_1_30' title="bbox 184 3141 1146 3236; baseline -0.002 -23"><span class='ocrx_word' id='word_1_222' title='bbox 184 3141 362 3224; x_wconf 88' lang='grc' dir='ltr'><strong><em>ἐλάσαντες</em></strong></span> <span class='ocrx_word' id='word_1_223' title='bbox 389 3142 499 3234; x_wconf 80' lang='grc' dir='ltr'><strong><em>πολλή</em></strong></span> <span class='ocrx_word' id='word_1_224' title='bbox 517 3150 656 3236; x_wconf 77' lang='grc' dir='ltr'><strong><em>στρατιᾷ</em></strong></span> <span class='ocrx_word' id='word_1_225' title='bbox 686 3148 828 3233; x_wconf 89' lang='grc' dir='ltr'><strong><em>πλησίον</em></strong></span> <span class='ocrx_word' id='word_1_226' title='bbox 854 3149 913 3233; x_wconf 81' lang='grc' dir='ltr'><strong><em>τῆς</em></strong></span> <span class='ocrx_word' id='word_1_227' title='bbox 934 3142 1084 3231; x_wconf 83' lang='grc' dir='ltr'><strong><em>Φιδήνης</em></strong></span> <span class='ocrx_word' id='word_1_228' title='bbox 1110 3146 1146 3212; x_wconf 87' lang='grc' dir='ltr'><strong><em>ἐν</em></strong></span> 
     </span>
     <span class='ocr_line' id='line_1_31' title="bbox 134 3242 1146 3337; baseline -0.004 -18"><span class='ocrx_word' id='word_1_229' title='bbox 134 3264 168 3319; x_wconf 76' lang='grc'><strong><em>30</em></strong></span> <span class='ocrx_word' id='word_1_230' title='bbox 185 3242 322 3337; x_wconf 84' lang='grc' dir='ltr'><strong><em>άπόπτφ</em></strong></span> <span class='ocrx_word' id='word_1_231' title='bbox 336 3254 489 3317; x_wconf 87' lang='grc' dir='ltr'><strong><em>τίθενται</em></strong></span> <span class='ocrx_word' id='word_1_232' title='bbox 508 3242 568 3315; x_wconf 83' lang='grc' dir='ltr'><strong><em>τὸν</em></strong></span> <span class='ocrx_word' id='word_1_233' title='bbox 582 3246 721 3337; x_wconf 84' lang='grc' dir='ltr'><strong><em>χάρακα.</em></strong></span> <span class='ocrx_word' id='word_1_234' title='bbox 743 3244 965 3336; x_wconf 77' lang='grc' dir='ltr'><strong><em>προεγνωκός</em></strong></span> <span class='ocrx_word' id='word_1_235' title='bbox 981 3245 1018 3316; x_wconf 71' lang='grc' dir='ltr'><strong><em>δὲ</em></strong></span> <span class='ocrx_word' id='word_1_236' title='bbox 1032 3242 1146 3315; x_wconf 76' lang='grc' dir='ltr'><strong><em>αὐτῶν</em></strong></span> 
     </span>
     <span class='ocr_line' id='line_1_32' title="bbox 185 3340 1146 3439; baseline 0.002 -24"><span class='ocrx_word' id='word_1_237' title='bbox 185 3340 245 3435; x_wconf 77' lang='grc' dir='ltr'><strong><em>τήν</em></strong></span> <span class='ocrx_word' id='word_1_238' title='bbox 272 3350 387 3431; x_wconf 76' lang='grc' dir='ltr'><strong><em>ἔξοδον</em></strong></span> <span class='ocrx_word' id='word_1_239' title='bbox 414 3345 431 3419; x_wconf 87' lang='grc' dir='ltr'>ὁ</span> <span class='ocrx_word' id='word_1_240' title='bbox 453 3345 626 3438; x_wconf 82' lang='grc' dir='ltr'><strong><em>Ῥωμύλος</em></strong></span> <span class='ocrx_word' id='word_1_241' title='bbox 654 3347 850 3438; x_wconf 82' lang='grc' dir='ltr'><strong><em>ἐξεληλύθει</em></strong></span> <span class='ocrx_word' id='word_1_242' title='bbox 878 3347 939 3439; x_wconf 85' lang='grc' dir='ltr'><strong><em>τήν</em></strong></span> <span class='ocrx_word' id='word_1_243' title='bbox 965 3356 1146 3439; x_wconf 88' lang='grc' dir='ltr'><strong><em>κρατίστην</em></strong></span> 
     </span>
    </p>
   </div>
   <div class='ocr_carea' id='block_1_3' title="bbox 185 3443 1146 3558">
    <p class='ocr_par' dir='ltr' id='par_1_4' title="bbox 185 3443 1146 3558">
     <span class='ocr_line' id='line_1_33' title="bbox 185 3443 1146 3558; baseline 0.005 -42"><span class='ocrx_word' id='word_1_244' title='bbox 185 3447 329 3537; x_wconf 86' lang='grc' dir='ltr'><strong><em>δύναμιν</em></strong></span> <span class='ocrx_word' id='word_1_245' title='bbox 351 3456 437 3539; x_wconf 85' lang='grc' dir='ltr'><strong><em>ἐχων</em></strong></span> <span class='ocrx_word' id='word_1_246' title='bbox 461 3443 581 3541; x_wconf 82' lang='grc' dir='ltr'><strong><em>καλήν</em></strong></span> <span class='ocrx_word' id='word_1_247' title='bbox 609 3455 647 3523; x_wconf 84' lang='grc' dir='ltr'><strong><em>ἐν</em></strong></span> <span class='ocrx_word' id='word_1_248' title='bbox 673 3457 718 3558; x_wconf 21' lang='grc' dir='ltr'><strong><em>τῇ.</em></strong></span> <span class='ocrx_word' id='word_1_249' title='bbox 740 3451 835 3523; x_wconf 90' lang='grc' dir='ltr'><strong><em>πόλει</em></strong></span> <span class='ocrx_word' id='word_1_250' title='bbox 855 3458 923 3523; x_wconf 77' lang='grc' dir='ltr'><strong><em>τόν</em></strong></span> <span class='ocrx_word' id='word_1_251' title='bbox 949 3456 1146 3541; x_wconf 82' lang='grc' dir='ltr'><strong><em>Φιδηναίων</em></strong></span> 
     </span>
    </p>
   </div>
   <div class='ocr_carea' id='block_1_4' title="bbox 0 0 1189 3850">
    <p class='ocr_par' dir='ltr' id='par_1_5' title="bbox 0 0 1189 3850">
     <span class='ocr_line' id='line_1_34' title="bbox 0 0 1189 3850; baseline 0 0"><span class='ocrx_word' id='word_1_252' title='bbox 0 0 1189 3850; x_wconf 95' lang='lat' dir='ltr'><strong><em> </em></strong></span> 
     </span>
    </p>
   </div>
   <div class='ocr_carea' id='block_1_5' title="bbox 20 3737 158 3817">
    <p class='ocr_par' dir='ltr' id='par_1_6' title="bbox 20 3737 158 3817">
     <span class='ocr_line' id='line_1_35' title="bbox 20 3737 158 3817; baseline 0 0"><span class='ocrx_word' id='word_1_253' title='bbox 20 3737 158 3817; x_wconf 51' lang='grc' dir='ltr'><strong><em>ζᾼ</em></strong></span> 
     </span>
    </p>
   </div>
  </div>
 </body>
</html>
