2367 3850
196 106 380 169 νει
565 84 794 163 -Au
972 192 977 199 ¹

164 332 165 339 ,
277 262 404 343 LXIIII.
426 269 474 336 Λί
472 270 528 335 νεί
526 291 565 347 ας
513 262 628 335 ίδε
645 259 897 390 κατασκευάσας
915 264 1020 349 ίεροίς
1046 252 1145 332 τιν’καλ
1169 257 1171 350 6

45 382 48 389 '
151 430 153 433 .
199 382 268 451 τοϊς
288 367 400 449 ἀλλοις
424 366 560 457 κόσμοις
583 365 806 456 ἀποχρώντως
822 364 884 455 τήν
903 364 1022 451 πόλιν,
1050 354 1098 432 όν
1114 362 1171 454 τάχ

199 481 338 543 πλείστα
351 478 400 541 ἔτι
413 472 477 543 καὶ
484 473 583 560 είςέμ
560 462 735 565 μδήν,τῷ
749 470 811 559 μὲν
824 472 896 557 ἔξής
912 470 1057 561 ἐνιαυτῷ
1065 474 1145 555 ,τρί
1169 487 1170 546 ι

198 604 245 669 τῳ
260 571 329 645 δὲ’
310 573 376 645 απὸ
389 581 447 665 τής
460 573 593 661 ἐξόδου,
613 574 739 662 Τρώων
751 570 947 661 ἐβασίλευσε
959 565 1091 659 μόνων
1108 563 1170 662 καλ

166 700 182 749 5
201 646 239 750 6
260 677 405 771 τετάρτω
424 676 682 767 τελευτήσαντος
701 684 850 747 Λατίνου
870 672 978 745 καὶ
942 702 1004 763 την
1023 676 1096 741 έκεί
1082 665 1170 743 66606

194 788 376 871 βασιλείαν
395 780 650 871 παραλαμβάνει
674 786 733 902 τής
756 806 793 848 τε
810 784 955 867 κηδείας
979 765 1170 864 06666166

199 889 258 1010 τής
271 882 354 974 πρὸς
366 882 469 954 αὐτὸν
484 883 720 972 ἐπικλήρου
678 910 736 971 της
755 881 891 961 Λαύνας
904 882 1087 969 γενομένης
1099 906 1147 968 με·
1169 871 1171 992 6

199 986 241 1057 τὰ
261 987 320 1057 τὸν
339 993 487 1057 Λατίνου
506 986 657 1057 θάνατον
682 988 822 1055 καὶτοῦ
847 983 931 1075 πρὸς
955 981 1034 1062 τούς
1057 980 1170 1070 ἀστυ

199 1099 352 1179 γείτονας
366 1092 512 1217 πολέμου
531 1094 589 1180 τής
610 1092 848 1177 στρατηγίας“
827 1114 936 1159 ενεκα.
967 1083 1170 1209 ἀντέστησαν

149 1218 182 1269 10
199 1193 262 1284 γάρ
282 1186 383 1274 αὖθις
402 1190 467 1263 ἀπό
486 1220 546 1263 του
531 1198 715 1263 ’Λατίνου
729 1190 871 1261 Ρότολοι
896 1186 1098 1278 λαβόντες’
1081 1216 1170 1277 ηγε

199 1299 285 1388 μόνα
297 1302 366 1367 τῶν
379 1294 575 1386 αὐτομόλων
584 1324 659 1365 τινα
646 1294 883 1384 τήςΛατίνου
892 1290 1058 1420 γυμαικδς
1066 1288 1170 1381 Ἀμί
1169 1259 1171 1348 6

139 1442 147 1451 ·
200 1428 258 1481 τας
276 1397 418 1483 ἀνεψιὸν
444 1398 550 1489 όνομα
576 1398 760 1488 Τυρρηνόν.
791 1393 901 1468 666'
882 1394 968 1485 αυήρ
988 1398 1088 1475 υδτος
1105 1396 1170 1464 εἰιλ

199 1508 246 1598 τῷ
267 1503 362 1596 γάμςο
377 1507 434 1593 τής
447 1502 582 1583 Λαύνας
603 1501 663 1572 τόν
681 1499 846 1591 κηδεστήν
858 1496 1088 1588 μεμφόμενος,
1107 1496 1152 1567 ότι

199 1604 383 1695 παρελθόν
406 1604 444 1675 τό
470 1605 630 1693 συγγενὲς
657 1602 807 1685 ὀθνείοις
820 1603 1011 1692 ἐκήδευσε,
1037 1607 1097 1691 τῆς
1120 1628 1154 1669 τε

150 1723 182 1774 15
195 1708 327 1797 ’Λμίτας
352 1708 604 1796 παροξυνούσης
625 1704 682 1777 καλ
701 1706 814 1778 ἀλλων
833 1712 938 1776 τινοῖν
960 1713 1171 1795 συλλαμβαΙ

199 1812 330 1883 υόντων
343 1810 436 1900 λόγων
448 1809 510 1900 τήν
523 1810 680 1897 δύναμιν,
699 1802 740 1899 69
754 1808 853 1890 αὐτὸς
871 1801 963 1899 ἦρχε,
977 1816 1154 1899 προστίθε-

199 1943 254 1984 ται
274 1928 343 1996 τοίς
358 1910 527 1995 Ῥοτόλοις.
567 1917 714 2003 πολέμου
735 1911 768 1986 δ’
790 1917 828 1984 ἐκ
849 1918 920 1983 τόν
941 1912 1156 2003 ἐγκλημάτων

199 2016 328 2089 τούτων
353 2021 536 2106 γενομένου
570 2019 627 2088 καί
652 2017 757 2108 μάχης
786 2021 924 2107 ίσχυράς
951 2016 1098 2097 Λατῖνός
1121 2043 1156 2084 τε

199 2119 410 2211 ἀποθνήσκει
435 2123 491 2191 καὶ
521 2117 694 2212 Τυρρηνός
720 2123 777 2191 καὶ
802 2126 872 2190 τάν
892 2117 1006 2190 ἀλλων
1026 2126 1157 2208 συχνοί,

150 2237 183 2288 20
200 2229 360 2314 κρατοῦσι
381 2221 415 2294 δ’
439 2223 528 2314 ὅμως
543 2229 576 2294 οί
595 2223 661 2294 σύν
673 2231 802 2316 Αίνείηι.
841 2227 879 2294 ἐκ
901 2223 938 2294 δὲ
952 2221 1078 2294 τούτου
1097 2221 1158 2311 τήν

200 2325 327 2423 ύπδιτςό
347 2333 490 2421 κηδεστῇ
512 2330 697 2417 γενομένην
711 2325 817 2418 ἀρχὴν
829 2333 968 2408 Αίνείας
980 2335 1158 2415 παραλαμ-

200 2430 307 2520 βάνει.
340 2437 416 2520 τρία
431 2431 468 2502 δὲ
482 2430 683 2521 βασιλεύσας
700 2428 853 2520 έτημετά
865 2427 928 2519 τήν
938 2435 1091 2501 Λατίνου
1104 2456 1158 2498 τε·

200 2531 322 2622 λευτήν
342 2539 389 2628 τῷ
408 2534 553 2630 τετάρτῳ
571 2533 715 2625 θνήσκει
729 2531 814 2604 κατά
831 2532 988 2622 πόλεμον.
1016 2528 1161 2604 Ῥότολοί

92 2731 94 2735 y
199 2663 235 2705 τε
250 2635 317 2726 γὰρ
327 2641 364 2706 έκ
377 2641 445 2708 τόν
460 2637 591 2710 πόλεων
609 2637 851 2728 στρατεύουσιν
863 2633 1007 2716 ἅπαντας
1021 2632 1079 2705 ἐπ’
1099 2633 1159 2704 αύ-

75 2765 77 2769 ·
112 2819 124 2836 χ
150 2757 183 2808 26
200 2736 275 2826 τόν,
301 2741 358 2810 καί
376 2737 441 2809 σύν
459 2739 571 2823 αὐτοῖς
591 2738 749 2830 βασιλεύς
767 2742 952 2829 Τυρρηνῶν
971 2743 1162 2818 Μεσέντιος

83 2853 88 2872 ’
201 2848 315 2922 δείσας
329 2844 477 2932 περλτης
496 2839 602 2914 αὑτοῦ
614 2843 740 2933 χώρας,
760 2841 885 2934 ,ηδη
846 2871 911 2932 γαρ
925 2843 981 2912 ἐπὶ
992 2843 1080 2931 μέγα
1093 2871 1162 2930 χω·

200 2949 328 3034 ροῦσαν
345 2941 434 3032 δρῶν
447 2943 510 3036 τήν
517 2942 714 3074 Ἐλληνικήν
727 2945 872 3036 δύναμιν
885 2943 1018 3049 ήχθετο.
1053 2945 1165 3034 μάχης

202 3049 240 3120 δέ
260 3051 440 3138 γενομένης
459 3052 621 3142 καρτερᾶς
633 3047 675 3119 ού
693 3049 884 3146 πρόσωπον
869 3040 1084 3120 Λαουϊνίου
1104 3051 1166 3120 καλ

201 3151 335 3224 πολλῶν
362 3153 573 3246 ἑκατέρωθεν
600 3149 817 3243 ἀπολομένων
843 3151 884 3222 τά
909 3152 973 3244 μὲν
999 3153 1165 3240 στρατεύ·

38 3300 48 3310 ‚
151 3275 185 3331 30
200 3284 288 3348 ματα
300 3254 422 3337 νυκτός
433 3255 641 3345 ἐπελθούσης
654 3252 821 3348 διελύθη,
833 3283 871 3326 το
859 3255 923 3327 δὲ
936 3261 1078 3328 Αἰνείου
1093 3261 1165 3325 66-

202 3387 247 3448 μα
268 3357 418 3451 φανερόν
439 3358 570 3452 ούδαμή
585 3359 769 3450 γενόμενον
787 3366 824 3430 ολ
837 3360 900 3450 μὲν
913 3363 962 3440 είς
980 3355 1087 3438 θεούς
1102 3387 1170 3448 με·

201 3465 359 3550 ταστήναι
385 3471 532 3553 είκαζουρ
559 3467 595 3534 οί
617 3461 652 3534 δ’
665 3467 703 3538 ἐν
723 3468 770 3559 τῷ
783 3467 949 3573 ποταμηή,
977 3459 1058 3554 παρ’
1076 3458 1121 3533 δν
1145 3460 1170 3552 6
