2367 3850
443 96 670 161 -A-
994 100 1035 162 35

25 272 55 321 77
72 286 153 341 υονς
167 256 208 329 οῦ
221 266 400 351 πείθομαι,
416 270 551 345 πολλοῖς
563 288 601 332 τε
613 258 726 341 ἄλλοις
738 262 796 333 καλ
808 259 949 350 μάλιστα
961 275 1034 342 ταῖς

70 378 202 451 φωναῖς
215 360 328 435 αῦτώυ
342 369 600 455 διηλλαγμέναις
613 367 669 435 καλ
681 362 843 452 οὐδεμίαν
855 359 1031 453 ὁμοιότητα

69 466 253 551 σωζούσαις
269 468 536 557 τεκμαιρόμενος.
574 466 644 537 ’καί
663 465 729 557 γὰρ
743 467 785 557 δῆ
799 464 877 536 οῦτε
892 475 1030 556 Κροτω·

68 566 196 639 νιιῐταί
219 566 264 651 ώς
280 593 385 660 φησιν
394 570 569 659 Ἡρόδοτος
584 567 757 658 ὀὐδαμοῖς
766 576 835 641 τών
846 575 913 640 νῦν
924 591 1030 659 σφεας

66 674 330 761 περιοικεόντων
343 678 428 745 εἰσίν
436 672 643 764 ὁμόγλωσσοι
654 672 731 745 οῦτε
742 675 939 763 Πλακιηνοί,
950 682 1028 762 σφί·
1046 690 1064 741 5

66 800 99 847 σι
128 775 166 846 δ’
187 774 402 866 ὁμόγλωσσοι.
444 784 583 869 δηλοῦσι
609 779 646 849 δὲ
672 775 740 859 ότι,
768 774 828 847 τὸν
852 774 1030 866 ἠνείκαντο

66 880 222 969 γλώσσης
234 888 423 972 χαρακτῆρα
433 890 691 971 μεταβαίνοντες
703 885 737 961 ές
746 885 850 950 ταῦτα
862 878 902 949 τῦ
913 890 1030 972 χωρία,

14 1040 15 1057 ι
66 992 188 1055 τοῦτον
202 992 337 1072 ἔχουσιν
350 988 387 1055 έν
401 983 559 1075 φυλακῆ.’
587 991 695 1053 καίτοι
711 992 747 1053 τί
758 983 966 1072 θαυμάσειεν
986 982 1030 1053 ἅν

67 1116 132 1173 τις,
160 1094 193 1155 εἰ
212 1096 417 1168 Πλακιανοῖς
439 1090 501 1177 μὲν
520 1102 589 1167 τοῖς
610 1090 687 1175 περὶ
713 1085 771 1156 τόν
786 1083 1029 1174 Ἑλλήσποντον

66 1197 221 1260 οἰκοῦσιν
255 1186 374 1279 ὁμοίαν
404 1192 577 1261 διάλεκτον
605 1189 695 1278 εἰχον
720 1194 755 1259 οἱ
786 1196 1027 1277 Κροτωνιᾶται,
1046 1203 1079 1259 10

66 1292 184 1381 ἐπειδὴ
203 1296 373 1381 Πελασγοὶ
393 1284 478 1383 ῆσαν
500 1292 683 1383 ἀμφότεροι
701 1290 866 1382 ῦρχῆθεν,
894 1302 1026 1381 Τυρρη-
1139 1295 1141 1298 ’

66 1413 138 1477 νοῖς
155 1397 193 1465 δὲ
208 1412 278 1476 τοῖς
298 1404 432 1485 ἔγγιστα
453 1402 581 1467 οἰκοῦσι
594 1396 701 1484 μηδὲν
716 1392 850 1485 ὁμοίους
870 1402 902 1466 εἰ
912 1396 977 1485 γὰρ
990 1395 1028 1464 τὸ

66 1499 228 1589 συγγενὲς
241 1496 504 1589 τῆςὸμοφωνίας
517 1510 626 1569 αίτιον
639 1496 867 1589 ὑποληπτέον,
880 1499 1028 1587 θάτερον

27 1615 52 1665 78
68 1602 108 1691 δή
121 1630 190 1673 πον
204 1608 263 1690 τῆς
277 1608 477 1691 διαφωνίας·
493 1601 534 1672 οῦ
547 1601 612 1689 γαρ
627 1601 669 1689 δῆ
683 1602 766 1671 κατά
776 1630 815 1690 γε
826 1600 863 1672 τὸ
878 1600 959 1672 αῦτὸ
973 1604 1026 1690 ἐγ-

66 1722 170 1795 χωρεῖ
181 1713 327 1794 νομίζειυ
340 1702 539 1796 τάμφότερα,
573 1707 631 1775 καί
645 1703 709 1792 γὰρ
723 1704 765 1795 δῆ
777 1704 815 1775 τό
833 1706 895 1795 μὲν
912 1710 1028 1795 ἕτερον
1045 1722 1079 1775 15

59 1812 121 1879 ,καὶ
140 1808 245 1895 λόγον
259 1806 301 1879 biv
320 1836 395 1878 τινα
415 1810 481 1898 εἶχε
495 1809 693 1898 γενόμενον,
717 1808 755 1879 τὸ
769 1807 811 1898 δῆ
823 1808 901 1889 τοῦς
914 1809 1027 1899 πρόσω

12 1914 13 2004 ἰ
67 1912 123 1994 τοὶς
146 1912 294 2002 οἰκήσεις
322 1909 380 1982 ἀπ’
403 1908 558 2003 όλλῆλων
585 1913 827 2002 ποιησαμένους
852 1909 1027 2004 ὁμοεθνεῖς

12 2007 13 2014 ¹
67 2019 183 2104 μηκέτι
198 2016 373 2100 διασώζειν
388 2016 446 2086 τὸν
459 2015 563 2086 αῦτὸυ
576 2021 633 2105 τῆς
647 2021 822 2087 διαλέκτου
835 2018 1028 2108 χαρακτῆρα

67 2120 121 2190 διὰ
134 2119 203 2202 τὰς·
215 2118 297 2206 πρὸς
317 2117 395 2200 τοῦς
415 2124 517 2202 πέλας
536 2115 681 2208 ὁμιλίας·
707 2119 744 2189 τδ
759 2119 797 2190 δέ
809 2118 887 2200 τοῦς
901 2123 939 2202 ἐν
958 2135 1027 2200 τοῖς

67 2219 181 2303 αῦιοῖς
202 2228 375 2303 οἰκοῦντας
395 2232 527 2312 χωρίοις
549 2219 631 2312 μηδ’
646 2219 760 2294 ὁτιοῦν
778 2222 862 2292 κατα
876 2221 938 2311 τῆν
952 2250 1023 2310 φω-
1044 2239 1078 2288 20

66 2325 127 2415 νῆν
156 2324 312 2413 ἆλλῆλοις
337 2322 512 2415 ὁμολογεῖν
538 2332 575 2396 ἐκ
601 2323 727 2395 ταῦτοῦ
753 2326 882 2415 φύντας
907 2327 1026 2413 γένους

66 2427 190 2500 οῦδένα
204 2429 305 2516 λόγον
320 2429 410 2516 ἔχει’

169 2533 275 2602 ΧΧΧ.
313 2531 427 2625 Τοότφ
453 2531 516 2619 μὲν
540 2529 581 2619 δῆ
602 2536 649 2624 τῷ
667 2535 835 2623 τεκμηρίφ
858 2527 1026 2618 χρώμενος

67 2638 199 2726 ἑτέρους
222 2634 309 2720 εἶναι
322 2643 484 2721 πείθομαι
504 2639 574 2702 τών
591 2638 776 2724 Τυρρηνῶν
794 2628 873 2714 τοῦς
893 2641 1025 2702 Πελασ-

66 2738 154 2824 γούς.
183 2735 224 2807 οῦ
245 2739 307 2828 μὲν
324 2737 366 2827 δῆ
380 2735 460 2807 οῦδὲ
473 2742 599 2807 Λυδών
616 2735 694 2817 τοῦς
714 2733 909 2825 Τυρρηνοῦς
928 2732 1024 2806 οἶκοί·
1043 2753 1077 2805 25

66 2868 145 2922 κους
167 2853 277 2928 οίομαι
297 2845 473 2928 γενέσθαι·
505 2837 584 2910 οὐδὲ
610 2837 674 2929 γὰρ
694 2843 834 2919 έκείνοις
854 2835 1025 2927 ὁμόγλωσ-

66 2953 120 3014 σοί
145 2951 249 3031 εἰσιν,
276 2942 352 3014 οὐδ’
376 2950 467 3014 ἔστιν
493 2949 602 3013 εἰπεῖν
630 2939 673 3023 ώς
699 2947 798 3031 φωνῆ
823 2941 886 3029 μὲν
913 2939 1026 3012 οῦκέτι

66 3052 212 3135 χρώυται
233 3055 464 3139 παραπλησίᾳ,
489 3043 573 3115 ἄλλα
593 3050 633 3116 δέ
652 3059 727 3115 τινα
750 3042 948 3128 διασώζουσι
968 3049 1027 3133 τῆς

67 3149 301 3240 μητροπόλεως
320 3155 381 3240 γῆς
394 3146 577 3239 μηνύματα.
611 3146 689 3219 οῦτε
702 3145 765 3236 γὸιρ
783 3145 887 3242 θεοῦς
899 3152 1027 3228 Λυδοῖς

12 3247 13 3324 λ
67 3251 141 3334 τοῦς
164 3250 288 3332 αὐτοῦς
307 3261 498 3342 νομίζουσιν
517 3248 597 3320 οῦτε
621 3252 737 3340 νόμοις
756 3247 827 3319 οὔτ’
850 3248 1027 3339 έπιτηδεῦ-
1043 3272 1078 3326 30

66 3377 144 3444 μασι
165 3359 344 3445 κέχρηνται
370 3360 629 3444 παραπλησίοις,
657 3351 742 3423 ιἰλλᾶ
761 3351 845 3421 κατὀί
864 3379 904 3436 γε
922 3358 1029 3422 ταῦτα

68 3463 170 3532 πλέον
192 3467 318 3530 Λυδών
338 3461 557 3548 διαφέρουσιν
577 3454 599 3546 ῆ
618 3458 810 3541 Πελασγών.
833 3455 1027 3622 3ηυδυυεό-

11 3652 18 3816 λ
