2367 3850
415 136 641 199 -3-
936 136 997 200 119

45 298 141 371 κδνέτ
151 305 224 371 ταῖν
239 307 429 389 προσοίκων
439 294 462 391 ἢ
473 304 627 371 παλαιόν
637 297 823 388 οἰκητόρων
833 292 996 379 όπολιτές

43 409 85 496 ιμ’
99 400 282 531 Ἑλληνικῷ
302 408 599 495 συγκαταμιγῆναι.
641 400 747 492 ὄνομα
768 402 805 473 δὲ
827 400 943 471 κοινόν
962 407 997 471 οί

44 508 226 595 σύμπαντες
240 536 333 579 ουτοι
339 516 478 579 Λατῖνοι
487 502 742 597 ἐκλήθησανέτι’
752 502 875 590 ἀνδρός
889 511 1041 599 δυνα-

42 611 236 692 σπεύσαντος
250 618 317 681 τῶν
335 612 448 683 τόκων
460 618 610 681 Λατίνου
627 608 686 691 τάς
703 636 788 679 κατα
774 605 933 733 ἐθνος’
915 635 991 677 ουο·

29 721 152 803 ιμασίας
179 713 433 806 ἀφαιρεθέντες.
491 718 661 803 ἐτειχίσθη
679 702 808 802 μέυ
767 740 831 783 ουν
855 708 1026 801 ήπόλιςλ

42 812 99 887 ἀπό
117 818 252 891 τούτων
267 846 337 889 των
355 822 470 890 ἐθνῶν
489 820 632 911 έυιαυτρι
650 819 797 910 δευτέρφ
815 816 874 885 καί
896 842 988 903 τρια·

41 926 140 1014 ιιοστρῖ
170 924 231 993 καί
259 926 518 1017 τετρακοσιοστῷ
549 918 633 1009 μετά
657 917 759 991 Ἰλίου
784 916 911 992 ἀλοισιν
936 920 992 989 ἐπὶ

41 1029 91 1113 ιής
110 1022 257 1115 ἑβδόμης
275 1023 493 1115 ὀλυμπιάδος.
517 1030 553 1095 οἱ
564 1024 602 1095 δὲ
617 1020 799 1111 ἀγαγόντες
816 1020 880 1111 τήν
892 1019 990 1092 ἀκοι·

41 1133 109 1197 ιιίαυ
133 1124 280 1217 ἀδελφοί
301 1135 438 1218 δίδυμοι
460 1130 522 1198 τοῦ
547 1132 722 1217 βασιλείου
743 1128 862 1214 γένους
888 1117 991 1213 ἦσαν·
1015 1140 1022 1159 ·

38 1226 192 1319 Ῥωμύλος
206 1229 321 1304 αὐτόν
341 1230 446 1321 ὄνομα
465 1232 619 1321 θατέρῳ,
631 1236 679 1324 τῷ
692 1226 725 1299 δ’
741 1231 844 1322 ἐτέριμ
854 1223 989 1316 Ῥῶμος·
1009 1242 1044 1295 1ο

42 1331 75 1402 τό
96 1335 269 1425 μητρόθεν
296 1336 360 1425 μέν
385 1333 445 1407 ἀπ’
465 1340 607 1405 Αίυείου
624 1359 662 1403 τε
685 1335 743 1405 καί
764 1336 990 1420 Δαρδανίδαι,

44 1436 154 1525 πατρός
177 1439 217 1509 δὲ
239 1436 414 1529 ἀκρίβειαν
437 1438 500 1528 μέυ
525 1434 567 1507 ού
586 1437 706 1530 ήήδιου
723 1442 834 1507 είπελυ
853 1438 886 1519 ἐξ
910 1432 991 1505 ότου

44 1539 171 1628 φύντες,
193 1549 434 1623 πεπίστευνται
454 1542 492 1613 δὲ
517 1537 584 1611 ὑπὸ
603 1536 775 1630 Ῥωμαίων
793 1536 907 1626 ’Ἄρεος
923 1538 992 1607 υίοί

43 1646 199 1728 γενέσθαι.
250 1642 293 1717 ού
322 1650 436 1735 μέντοι
461 1643 635 1733 διέμεινάν
659 1672 700 1733 γε
723 1640 907 1732 ἀμφότεροι
932 1645 991 1729 τῆς

45 1741 183 1830 ἀποικίας
195 1745 357 1839 ἡγεμόνες
369 1745 455 1837 ὑπὲρ
468 1754 526 1837 τῆς
539 1746 641 1838 ἀρχῆς
650 1749 898 1833 στασιάσαντες,
912 1740 987 1816 ἀλλ’
1008 1758 1041 1817 λδ

45 1844 59 1916 ό
81 1855 310 1942 περιλειφθεὶς
341 1850 456 1924 αάτολν
476 1848 640 1942 Ῥωμύλος
664 1849 875 1942 ἀπολομένου
907 1844 992 1920 κατὰ

46 1951 96 2040 τήν
113 1955 222 2046 μάχην
241 1961 390 2043 θατέρου
403 1955 549 2046 οἰκιστής
571 1966 700 2044 γίνεται
719 1961 777 2044 τής
791 1953 919 2034 πόλεως
933 1953 991 2024 καί
1081 1993 1084 1998 ·

45 2053 175 2148 τοῦνομα
195 2057 283 2150 αύτή
300 2066 358 2152 τής
377 2067 465 2142 ίδίας
482 2059 631 2150 κλήσεως
650 2058 829 2146 ἐπόνυμου
849 2065 990 2128 τίθεται.

46 2154 173 2249 ἆριθμός
206 2163 245 2234 δέ
270 2167 339 2234 τιδν
367 2163 600 2254 μετασχόντων
630 2160 722 2256 αύτῷ
751 2167 810 2250 τής
837 2157 992 2238 ἀποικίας

44 2257 99 2332 ἀπό
131 2271 259 2336 ιιολλού
288 2271 351 2337 τοῦ
378 2265 452 2338 κατ’
480 2265 583 2356 ἀρχὰς
611 2266 888 2350 ἐξαποσταλέντος
919 2258 986 2332 όλί·
1007 2277 1043 2332 τε

44 2391 91 2451 γος
107 2358 148 2456 ήυ
166 2365 187 2439 ὁ
206 2371 462 2460 καταλειφθείς,
493 2377 670 2458 τρισχίλιοι
692 2369 785 2452 πεζοί
803 2368 860 2436 καλ
879 2369 991 2444 ίπκείς
1114 2366 1119 2376 ’

44 2471 224 2556 τριακόσιοι.

102 2571 150 2644 ΙΙΙ.
169 2572 261 2646 Ἐπεί
279 2565 380 2664 οάνή
400 2601 436 2645 τε
454 2573 582 2664 τάφρος
595 2569 710 2653 πότοις
729 2574 918 2658 ἐξείργαστο
933 2570 990 2638 καλ

44 2671 73 2742 τό
89 2681 193 2770 ἐρνμα
209 2681 303 2758 τέλος
323 2677 413 2766 εἶχεν
431 2684 470 2749 αἵ
486 2705 522 2748 τε
549 2676 694 2767 οἰκήσεις
711 2672 770 2756 τάς
787 2671 991 2762 ἀναγκαίους

28 2780 235 2862 ιιατασκευάς
247 2778 492 2871 ἀπειλήφεσαν,
506 2778 626 2871 ἀπήτει
640 2776 672 2850 δ’
683 2775 702 2850 ό
714 2775 832 2867 καιρός
843 2779 900 2848 καλ
913 2779 990 2864 περὶ
1005 2795 1041 2848 εσ

45 2879 154 2972 κόσμου
169 2892 338 2966 πολιτείας
352 2875 379 2978 ᾧ
391 2884 570 2975 χρήσονται
582 2898 740 2971 σκοπεῖν,
754 2879 881 2970 ἀγοράν
892 2907 987 2968 ποιη·

46 2984 170 3110 σάμευος
190 2985 305 3058 αύτοῐυ
323 2983 519 3076 όῬοιμύλος
541 2983 759 3077 ἀποθεμένου
782 2990 843 3055 τοῦ
869 3010 988 3073 μητρο-

47 3086 172 3175 πάτορος
185 3094 241 3162 καί
255 3087 487 3174 διδόξιιντος“
465 3117 487 3160 α
501 3103 564 3180 ’χρη
553 3086 766 3178 λέγιιν,
730 3117 793 3178 την
813 3089 876 3175 μὲν
891 3086 990 3156 πόλιν

48 3193 99 3318 ἔφη
114 3210 185 3296 ταῖς
198 3223 234 3263 τε
249 3200 425 3284 δημοσίαις
437 3195 493 3267 καὶ
507 3211 579 3276 ταῖς
592 3200 695 3274 ίδίαις
713 3203 933 3270 κατασκευαῖς
946 3185 991 3270 ὥς

47 3293 221 3369 νεόκτιστον
246 3295 468 3388 ἀποχρώντως
491 3301 737 3386 κεκοσμῆσθαι
764 3289 911 3382 ήξίουδ
935 3294 989 3361 ἐν
1007 3311 1042 3368 ευ

48 3403 216 3487 δυμεῑσθαι
228 3401 355 3484 κάντας
374 3397 421 3484 ιός
440 3398 482 3472 ού
498 3407 581 3470 ταῦτ
584 3398 678 3470 ’ἐστι
690 3426 731 3468 τοι
719 3394 903 3468 πλείστου
916 3392 993 3479 ἀξια

50 3498 156 3587 ἐντοῖς
176 3501 393 3577 πόλεσιν.”
350 3531 430 3576 ουτι
448 3501 514 3594 γδρ
526 3507 566 3574 ἐν
584 3516 654 3581 τοῖς
671 3497 821 3580 ὀθνείοις
840 3501 995 3589 πολέμοις
