2367 3850
425 145 653 210 -Γ-
948 123 1011 214 ειν

34 299 148 394 ἡμῶν
160 312 302 396 μανίαν,
316 306 432 398 ἐπειδὴ
446 313 625 397 παρῆλθον
639 310 692 378 ἐπὶ
706 306 746 378 τά
760 306 937 398 πράγματα
957 311 1015 380 καί

36 423 175 498 πεῖραν
197 410 387 498 ἐλάμβανον
406 417 464 501 τῆς
491 410 631 482 ἑκάστου
662 414 893 501 προαιρέσεως.
935 410 1013 482 οὔτε

36 509 114 599 γάρ
145 514 183 581 ἐν
208 529 277 594 τοῖς
304 519 403 595 ἰδίοις
429 512 505 585 οὔτ’
535 517 573 585 ἐν
601 529 669 595 τολς
691 529 816 594 κοινοῖς
838 513 1013 602 συλλόγοις

38 610 277 701 ὁμονοοῦντας
304 613 392 704 ὑπὲρ
418 623 480 687 τοῦ
506 619 653 706 πολέμου
682 617 808 698 πάντας
830 615 1013 705 Ἀλβανοὺς

38 718 185 805 έοόρων,
213 725 329 814 μακρῷ
350 717 382 790 δ’
404 729 453 791 ἔτι
473 724 588 803 vome
608 718 831 808 ἀνθρωπίνου
853 725 1045 809 λογισμοῦσ

37 825 401 911 καταλαμβανομένων
433 829 590 911 χαλεπῶν
617 821 657 893 τά
691 824 847 912 δαιμόνια
880 838 1011 912 σημεῖα,

38 918 153 992 ὁπότε
169 932 532 1014 χρησαίμηνσφαγίοις
550 927 628 1015 περὶ
648 925 772 1014 μάχης,
797 925 1012 1015 χαλεπώτερα

38 1025 212 1115 γινόμενα
238 1027 366 1117 πολλὴν
387 1035 581 1118 δυσθυμίαν
607 1032 746 1118 παρεῖχέ
769 1056 824 1115 μοι
850 1030 906 1098 καί
927 1026 1010 1118 ἀμη-

39 1135 181 1216 χανίαν.
223 1131 476 1221 ἐνθυμούμενος
497 1131 539 1221 δὴ
559 1138 664 1202 ταῦτα
694 1137 752 1220 τῆς
771 1131 834 1221 μὲν
856 1131 909 1200 έπδ
933 1129 1011 1212 τοδς

15 1252 21 1299 ι
39 1228 182 1318 ἀγῶνας
203 1228 306 1322 ὁρμῆς
324 1237 481 1323 ἐπέσχον,
507 1232 677 1323 ἀναβολάς
699 1235 736 1304 δέ
762 1236 818 1305 καὶ
837 1231 1010 1322 διατριβάς
1029 1253 1061 1304 10

39 1335 234 1424 ἐποιούμην
263 1343 324 1406 τοῦ
354 1341 503 1428 πολέμου
540 1342 721 1426 προτέρους
749 1334 834 1427 ἀμάς
859 1336 1011 1425 οἰόμενος

39 1435 163 1526 ἀρξετν
178 1444 246 1508 τῶν
259 1442 335 1527 περὶ
349 1448 463 1528 φιλίας
475 1440 602 1529 λόγων·
624 1443 680 1512 καὶ
693 1445 761 1512 ἔδει
776 1467 830 1526 γε,
845 1430 871 1508 ὦ
890 1438 1008 1527 Τύλλε,

39 1545 146 1611 τοῦτο
166 1557 277 1613 ποιεῖν
295 1539 382 1632 ὑμᾶς
400 1543 563 1625 ἀποίκους
581 1542 681 1626 ὄντας
692 1539 795 1631 ημῶν
816 1543 871 1611 καὶ
890 1539 935 1630 μὴ
949 1567 1008 1612 πε-

40 1646 197 1733 ριμένειν
215 1649 276 1726 ἕως
295 1642 316 1734 ἡ
336 1648 536 1737 μητρόπολις
556 1645 657 1736 ἀρξετ.
698 1643 776 1734 ὅσης
796 1643 859 1732 γάρ
880 1641 1009 1727 ἀξιοῦσι

41 1751 142 1835 τιμῆς
163 1747 345 1835 τυγχάνειν
368 1757 404 1820 οί
420 1753 560 1838 πατέρες
579 1747 670 1839 παρά
683 1753 751 1818 τόν
765 1746 931 1836 ἐγγόνων,
953 1773 1006 1817 το·
1027 1759 1059 1810 15

41 1849 170 1940 ταύτης
191 1857 227 1920 oc
250 1858 424 1935 κτίσαντες
443 1852 501 1935 τάς
515 1853 629 1933 πόλεις
649 1849 739 1941 παρά
758 1855 827 1922 τῶν
848 1847 1008 1921 ἀποίκων.

43 1956 81 2023 ἐν
105 1944 137 2045 ᾦ
166 1954 204 2024 δέ
227 1951 321 2044 η’μείς
340 1960 522 2047 ἐμέλλομεν
547 1958 603 2028 καὶ
631 1957 884 2045 παρετηροῦμεν
907 1951 1008 2043 ἀλλή-

42 2064 147 2141 λους,
184 2057 319 2147 πότεροι
352 2066 423 2133 τόν
458 2058 686 2149 εὐγνωμόνων
715 2056 852 2145 ἀρξουσι
887 2056 1007 2143 λόγων,

42 2160 141 2247 έτέρα
167 2188 216 2239 τις
235 2157 321 2250 ἡμᾶς
343 2160 472 2252 ἀνάγκη
492 2170 656 2249 κρείττων
682 2157 1006 2248 παντδςάνθρωπί-

41 2290 106 2331 νον
143 2270 305 2351 λογισμοῦ
332 2272 560 2355 περιλαβοῦσα
587 2264 746 2351 συνάγει·
780 2258 823 2351 ἢν
851 2260 917 2350 ἐγώ
943 2287 1006 2331 πυ·
1025 2275 1059 2325 20

42 2364 193 2451 θόμενος
219 2374 268 2437 ἐτι
285 2366 526 2439 λανθάνουσαν
550 2364 638 2456 ἀμάς
662 2362 774 2437 οὐκέτ’
795 2362 907 2457 ᾠόμην
935 2368 1008 2434 δεῖν

42 2472 102 2554 τῆς
125 2464 327 2556 εὐπρεπείας
341 2478 409 2541 τοῖν
426 2476 617 2560 διαλλαγῶν
636 2468 861 2558 στοχάζεσθαι.
898 2452 1021 2537 δειναί.

41 2568 125 2655 γάρ,
152 2562 180 2639 ὦ
208 2572 335 2660 Τόλλε,
362 2577 506 2662 μηχαναὶ
527 2578 706 2644 πλέκονται
730 2567 810 2642 καθ’
834 2567 927 2660 ἡμῶν
952 2570 1008 2639 καὶ

44 2672 143 2751 δόλος
170 2670 319 2761 ἀφυκτος
338 2684 500 2765 ἔρραπται
523 2675 600 2747 κατ’
624 2674 840 2764 ἀμφοτέρων,
862 2670 899 2753 36
912 2680 1006 2761 ἔμελ·

42 2784 102 2844 λεν
128 2771 259 2864 ἀκονιτὶ
284 2781 340 2848 καὶ
368 2786 444 2866 δίχα
471 2777 580 2851 πόνον
601 2783 710 2849 πάντα
729 2782 928 2862 συντρίψειν
954 2778 1009 2846 καὶ
1025 2790 1059 2841 25

43 2884 249 2967 διαφθερεῖν
281 2877 378 2969 ἡμῶν
404 2880 445 2951 τά
473 2882 650 2970 πράγματα
677 2877 782 2968 πνρδς
810 2875 831 2969 ἢ
858 2883 1010 2967 ποταμοῦ

44 2985 144 3067 δίκην
166 2984 328 3070 ἐμπεσών.
370 2974 567 3073 δημιουργοὶ
597 2984 634 3055 δέ
659 2989 727 3053 τῶν
752 2979 900 3051 ἀνοσίων
926 2989 1006 3068 βον-

43 3082 222 3171 λενμάτων
244 3090 330 3156 είσδν
353 3092 389 3156 οί
413 3086 639 3157 δυνατώτατοι
668 3091 865 3173 Φιδηναίων
890 3109 926 3152 τε
952 3083 1007 3151 καὶ

12 3183 265 3258 Ἀθάιεντανῶν
287 3190 521 3273 συνελθόντες.
565 3188 657 3270 ὅστις
684 3190 721 3258 δέ
747 3185 765 3256 ὁ
791 3191 848 3273 τῆς
869 3188 1006 3269 ἐπιβου-

44 3294 100 3376 λῆς
125 3286 242 3361 αὐτῶν
272 3292 394 3381 τρόπος
423 3285 468 3381 ’ἦν
494 3294 552 3363 καὶ
582 3292 691 3363 πόθεν
720 3295 767 3369 είς
800 3288 857 3377 έμδ
887 3283 907 3376 ἡ
938 3291 1007 3355 τῶν
1024 3304 1057 3357 30

43 3387 242 3483 ἀπορρήτων
275 3394 516 3485 βουλευμάτων
549 3401 674 3484 γνῶσις
701 3390 869 3480 ἐλήλυθεν
902 3387 1005 3461 ἀκοά-

43 3514 129 3565 GM&-
