2367 3850
195 86 308 204 ιεε
547 168 600 182 -
652 141 680 202 ε
732 169 785 182 -

191 301 319 382 πόλεως
339 296 439 387 ὄντα,
466 302 549 389 πρὶν
565 303 698 371 ἐκείνου
716 301 771 370 έπλ
793 299 854 390 τὴν
869 306 1046 390 βασιλείαν
1066 327 1140 389 παρ-

189 414 317 474 ελθεῖν.
586 493 600 499 -
993 429 997 439 “

269 504 366 575 LXII.
406 502 505 573 Μετὰ
535 503 599 594 τὴν
618 500 788 594 Ῥωμύλου
813 502 973 595 τελευτὴν
997 501 1019 594 ἡ
1046 505 1142 594 βουλὴ
1168 525 1169 536 ²

191 614 260 679 τοῖν
285 612 411 677 κοινῶν
432 610 596 697 γενομένη
617 616 719 699 κυρία
746 609 802 677 καλ
820 608 942 695 χρόνον
968 608 1140 693 ἐνιαύσιον,

158 733 174 783 5
193 709 306 801 ὥσπερ
326 718 429 798 ἔφην,
448 715 660 799 κατασχοῦσα
679 708 746 800 τὴν
763 715 966 781 δυναστείαν
991 715 1139 799 διαφέρε-

192 825 274 884 σθαι
298 814 353 901 καλ
374 812 563 896 στασιάζειν
581 811 667 904 αύτη
686 812 768 900 πρὸς
789 812 912 904 ἑαυτὴν
932 812 1054 903 ἤρξατο
1074 817 1141 904 περὶ

156 938 164 945 ’
191 922 251 986 τού
270 906 424 994 πλείονός
448 943 485 986 τε
507 919 562 987 καὶ
584 928 670 986 ίσου.
708 913 789 986 ὅσον
802 917 864 1006 μὲν
884 915 950 1007 γάρ
969 912 1074 1007 αὐτῆς
1092 917 1140 1006 μέ-

192 1045 249 1108 ρος
265 1017 439 1108 Ἀλβανῶν
462 1011 505 1108 ἦν
531 1016 596 1089 άπὸ
615 1025 684 1089 ταῖν
704 1018 772 1108 άμα
786 1016 942 1114 Ῥωμύλῳ
963 1019 1026 1110 την
1054 1018 1139 1090 άτοι·

191 1130 269 1192 τίαν
285 1119 505 1207 στειλάντων,
527 1122 662 1212 γνύμης
676 1150 712 1192 τε
731 1121 848 1211 άρχειν
862 1120 956 1212 ἠξίου
971 1126 1029 1192 καλ
1045 1129 1141 1211 τιμῶν

141 1247 175 1297 10
192 1224 250 1307 τάς
263 1220 420 1315 μεγίστας
440 1225 625 1312 λαμβάνειν
642 1227 698 1295 καλ
711 1225 964 1314 θεραπεύεσθαι
982 1225 1067 1314 πρὸς
1082 1233 1140 1296 τῶν

192 1327 387 1416 ἐπηλύδων·
414 1332 449 1417 οί
464 1325 500 1396 δ’
515 1327 659 1417 ὕστερον
677 1336 724 1410 είς
737 1327 817 1409 τούς
832 1334 1027 1418 πατρικίους
1047 1356 1139 1399 κατα·
1169 1371 1170 1410 η

191 1433 376 1519 γραφέντες
389 1431 426 1499 έν
442 1436 513 1500 τῶν
527 1435 674 1502 έποίκων
687 1429 846 1521 οὐδεμιᾶς
860 1431 965 1524 ρ’έοντο
981 1436 1055 1501 δεῖν
1069 1430 1138 1502 άκε-
1168 1423 1170 1498 λ

191 1531 378 1603 λαύνεσθαι
389 1536 486 1621 τιμῆς
505 1531 586 1604 ούδὲ
604 1550 812 1623 μειονεκτεῖν
833 1540 901 1605 τάν
918 1535 1059 1622 ἑτέρων,
1084 1535 1138 1623 μά-

91 1649 95 1662 “
191 1645 285 1706 λιστα
308 1633 345 1704 δ’
365 1632 436 1704 ὅσοι
456 1641 517 1706 τού
535 1645 699 1727 Σαβίνων
718 1636 902 1725 ἐτύγχανον
920 1635 1016 1717 ὄντες
1030 1640 1140 1725 γένους

141 1761 173 1812 15
191 1737 345 1809 καὶκατὰ
364 1736 423 1817 τάς
435 1731 609 1828 συνθήκας
629 1740 685 1820 τὰς
705 1742 886 1827 γενομένας
895 1735 1052 1834 Ῥωμύλῳ
1066 1738 1139 1828 πρὸς

196 1840 317 1910 Τάτιον
337 1841 393 1913 έπὶ
415 1855 484 1922 τοῖς
504 1852 588 1922 ἴσοις
609 1843 807 1931 [γενόμενοι]
831 1846 1069 1933 μετειληφέναι
1089 1848 1138 1932 της

191 1943 320 2024 πόλεως
340 1942 429 2032 παρά
446 1950 516 2013 τῶν
527 1942 676 2033 άρχαίωυ
690 1946 874 2036 οἰκητόρων
883 1950 940 2017 καὶ
957 1946 1020 2036 τὴν
1039 1945 1138 2035 αὐτὴν

190 2046 289 2135 χάριν
308 2050 449 2127 ἐκείνοις
468 2046 563 2117 αὐτοὶ
577 2052 761 2119 δεδωκέναι
775 2047 985 2120 ἐδοκουν.”
963 2078 1031 2139 αμα
1046 2051 1138 2121 δὲ
1098 2078 1138 2142 τη

189 2177 252 2239 την
273 2148 399 2239 βουλην
414 2156 591 2240 διαστῆναι
616 2151 728 2222 καὶ
696 2180 733 2221 το
754 2158 824 2221 τύν
844 2159 998 2222 πελατῶν
1017 2120 1171 2243 πληθύς

139 2276 174 2327 20
192 2257 269 2343 διχῇ
287 2253 450 2373 μερισθὲν
468 2254 608 2383 εκατέρη
627 2255 809 2381 συνέβαινε
828 2282 898 2326 των
917 2256 1076 2326 στάσεων.
1102 2248 1137 2343 ἦν

191 2361 229 2425 δέ
241 2383 274 2425 τι
287 2384 347 2426 του
334 2359 550 2445 δημοτικοῦ
564 2360 663 2445 μέρος
676 2354 740 2428 οὐκ
754 2355 868 2445 ὀλίγον
881 2360 919 2429 έιι
938 2364 1008 2429 τῶν
1026 2360 1138 2429 νεωστὶ

189 2458 493 2547 προσεληλυθότων
506 2487 547 2551 τη
534 2458 754 2551 πολιτεία,
743 2488 760 2529 ο
755 2460 833 2531 διὰ
846 2489 884 2530 το
872 2459 1042 2550 μηδενὸς
1061 2485 1136 2530 συν·

188 2560 336 2646 άρασθοιι
359 2566 407 2653 τῷ
427 2557 582 2656 Ῥωμύλω
605 2532 752 2652 πολέμου
778 2560 1096 2653 παρημελημένον’
1078 2562 1136 2633 υπὸ

189 2668 249 2731 τοῦ
275 2659 438 2751 ηγεμόνος
466 2663 544 2735 ούτε
569 2694 631 2755 γης
650 2675 768 2754 εἴληφε
789 2683 911 2755 μοίραν
937 2664 1016 2737 ου”τε
1045 2674 1136 2745 λείας.

121 2756 172 2834 νδ
189 2770 288 2833 τοῦτο
315 2763 470 2835 άνέστιον
502 2770 558 2838 καλ
586 2767 718 2857 πτωχὸν
749 2767 924 2858 άλύμενον
950 2769 1075 2859 έχθρδν
1103 2773 1134 2839 ἐκ
1147 2786 1171 2839 36

189 2871 249 2937 τού
271 2864 457 2954 άναγιιαίου
482 2888 551 2951 τοῖς
577 2877 764 2961 κρείττοσιν
793 2863 835 2960 ἦν
853 2874 910 2942 καὶ
936 2880 1136 2963 νεωτερίζειν

189 2969 410 3059 ἑτοιμότατον.
445 2974 485 3041 έν
504 2976 644 3068 τοιούτῳ
668 2973 709 3064 δὴ
732 2974 881 3045 κλύδωνι
909 2973 949 3045 τά
969 2976 1136 3065 πράγματα

187 3078 245 3163 τῆς
258 3073 384 3153 πόλεως
402 3075 585 3146 σαλεύοντα
603 3074 622 3146 6
638 3076 754 3167 Νόμας
768 3075 983 3167 καταλαβών,
1011 3085 1137 3167 πρῶτον

188 3176 251 3263 μὲν
270 3175 350 3257 τούς
368 3174 516 3263 άπόρους
535 3207 605 3248 των
630 3185 785 3269 δημοτων
803 3178 948 3268 ἀνέλαβε
972 3185 1136 3261 διανεί
1069 3190 1136 3270 ίμας

137 3296 172 3348 30
188 3275 302 3359 αύτοίς
317 3277 379 3367 ἄρ’
395 3272 435 3369 ἧς
443 3277 607 3371 Ῥωμύλος
629 3286 783 3372 ἐκέκτητο
803 3283 913 3371 χώρας
932 3282 1028 3354 ταδ’
1008 3284 1074 3355 ιιπὸ
1086 3312 1136 3372 της

156 3384 349 3466 δημοσίας
376 3383 498 3471 μοῖράν
515 3410 592 3454 τινα
618 3382 752 3476 ὀλίγην·
781 3394 897 3457 ἔπειτα
917 3383 997 3467 τούς
1025 3414 1134 3475 πατρι-

188 3485 282 3559 κίους
294 3480 397 3554 οὐδὲν
409 3485 505 3572 μέν’
485 3487 690 3577 αφελόμενος
712 3480 761 3557 ὧν
777 3492 811 3559 ολ
822 3488 1043 3571 κτίσαντες
1007 3518 1070 3581 την
1083 3488 1134 3560 πό·
