<?xml version="1.0" encoding="UTF-8"?>
<!DOCTYPE html PUBLIC "-//W3C//DTD XHTML 1.0 Transitional//EN"
    "http://www.w3.org/TR/xhtml1/DTD/xhtml1-transitional.dtd">
<html xmlns="http://www.w3.org/1999/xhtml" xml:lang="en" lang="en">
 <head>
  <title>
</title>
<meta http-equiv="Content-Type" content="text/html;charset=utf-8" />
  <meta name='ocr-system' content='tesseract 3.04.00' />
  <meta name='ocr-capabilities' content='ocr_page ocr_carea ocr_par ocr_line ocrx_word'/>
</head>
<body>
  <div class='ocr_page' id='page_1' title='image "./dionysihalicarn00kiesgoog/dionysihalicarn00kiesgoog_0211.png"; bbox 0 0 2367 3850; ppageno 0'>
   <div class='ocr_carea' id='block_1_1' title="bbox 419 103 1005 208">
    <p class='ocr_par' dir='ltr' id='par_1_1' title="bbox 419 103 1005 208">
     <span class='ocr_line' id='line_1_1' title="bbox 419 103 1005 208; baseline 0.005 -14"><span class='ocrx_word' id='word_1_1' title='bbox 419 161 465 208; x_wconf 82' lang='lat'>-·:</span> <span class='ocrx_word' id='word_1_2' title='bbox 522 103 557 194; x_wconf 79' lang='grc' dir='ltr'>ε’</span> <span class='ocrx_word' id='word_1_3' title='bbox 608 163 652 176; x_wconf 87' lang='lat'><em>-</em></span> <span class='ocrx_word' id='word_1_4' title='bbox 945 135 1005 198; x_wconf 83' lang='grc' dir='ltr'>ιιε</span> 
     </span>
    </p>
   </div>
   <div class='ocr_carea' id='block_1_2' title="bbox 9 284 1089 3574">
    <p class='ocr_par' dir='ltr' id='par_1_2' title="bbox 9 284 1089 3574">
     <span class='ocr_line' id='line_1_2' title="bbox 25 284 1005 420; baseline 0.003 -57"><span class='ocrx_word' id='word_1_5' title='bbox 25 319 141 382; x_wconf 86' lang='grc' dir='ltr'>ηγαγε</span> <span class='ocrx_word' id='word_1_6' title='bbox 152 319 213 374; x_wconf 89' lang='grc' dir='ltr'>τας</span> <span class='ocrx_word' id='word_1_7' title='bbox 224 309 399 420; x_wconf 75' lang='grc' dir='ltr'>γυναεκρις.</span> <span class='ocrx_word' id='word_1_8' title='bbox 439 284 483 383; x_wconf 74' lang='grc' dir='ltr'>ἦν</span> <span class='ocrx_word' id='word_1_9' title='bbox 501 293 540 364; x_wconf 69' lang='grc' dir='ltr'>δὲ</span> <span class='ocrx_word' id='word_1_10' title='bbox 555 288 844 381; x_wconf 85' lang='grc' dir='ltr'>τοιόςδεόνόμος·</span> <span class='ocrx_word' id='word_1_11' title='bbox 858 311 1005 382; x_wconf 71' lang='grc' dir='ltr'>γυναῖκα</span> 
     </span>
     <span class='ocr_line' id='line_1_3' title="bbox 25 394 1004 522; baseline 0.004 -58"><span class='ocrx_word' id='word_1_12' title='bbox 25 394 186 486; x_wconf 73' lang='grc' dir='ltr'>γαμετὴν</span> <span class='ocrx_word' id='word_1_13' title='bbox 201 395 265 485; x_wconf 75' lang='grc' dir='ltr'>τὴν</span> <span class='ocrx_word' id='word_1_14' title='bbox 274 395 361 522; x_wconf 74' lang='grc' dir='ltr'>ηιατά</span> <span class='ocrx_word' id='word_1_15' title='bbox 377 395 504 502; x_wconf 89' lang='grc' dir='ltr'>γάμους</span> <span class='ocrx_word' id='word_1_16' title='bbox 517 395 629 485; x_wconf 74' lang='grc' dir='ltr'>ἱερούς</span> <span class='ocrx_word' id='word_1_17' title='bbox 646 401 884 466; x_wconf 75' lang='grc' dir='ltr'><strong><em>συνελθοῦσαν</em></strong></span> <span class='ocrx_word' id='word_1_18' title='bbox 902 395 1004 485; x_wconf 75' lang='grc' dir='ltr'>ἀνδρί</span> 
     </span>
     <span class='ocr_line' id='line_1_4' title="bbox 26 488 1001 589; baseline 0.002 -21"><span class='ocrx_word' id='word_1_19' title='bbox 26 495 375 570; x_wconf 82' lang='grc' dir='ltr'>κοινωνόνάπάυτωυ</span> <span class='ocrx_word' id='word_1_20' title='bbox 389 488 495 570; x_wconf 75' lang='grc' dir='ltr'>εἶναι</span> <span class='ocrx_word' id='word_1_21' title='bbox 488 499 667 588; x_wconf 78' lang='grc' dir='ltr'>χρημάτων</span> <span class='ocrx_word' id='word_1_22' title='bbox 678 525 715 568; x_wconf 89' lang='grc' dir='ltr'>τε</span> <span class='ocrx_word' id='word_1_23' title='bbox 729 500 785 568; x_wconf 83' lang='grc' dir='ltr'>καὶ</span> <span class='ocrx_word' id='word_1_24' title='bbox 798 503 908 589; x_wconf 87' lang='grc' dir='ltr'>ίερωυ.</span> <span class='ocrx_word' id='word_1_25' title='bbox 924 499 1001 570; x_wconf 77' lang='grc' dir='ltr'>ἑκά·</span> 
     </span>
     <span class='ocr_line' id='line_1_5' title="bbox 24 601 1003 691; baseline 0.003 -20"><span class='ocrx_word' id='word_1_26' title='bbox 24 612 119 672; x_wconf 92' lang='grc' dir='ltr'>λουν</span> <span class='ocrx_word' id='word_1_27' title='bbox 140 602 180 672; x_wconf 67' lang='grc' dir='ltr'>δὲ</span> <span class='ocrx_word' id='word_1_28' title='bbox 193 601 273 683; x_wconf 82' lang='grc' dir='ltr'>τούς</span> <span class='ocrx_word' id='word_1_29' title='bbox 285 601 396 691; x_wconf 75' lang='grc' dir='ltr'>ἱερούς</span> <span class='ocrx_word' id='word_1_30' title='bbox 413 605 472 673; x_wconf 79' lang='grc' dir='ltr'>καί</span> <span class='ocrx_word' id='word_1_31' title='bbox 486 609 650 691; x_wconf 82' lang='grc' dir='ltr'>νομίμους</span> <span class='ocrx_word' id='word_1_32' title='bbox 671 607 707 672; x_wconf 86' lang='grc' dir='ltr'>οί</span> <span class='ocrx_word' id='word_1_33' title='bbox 719 603 918 672; x_wconf 81' lang='grc' dir='ltr'>παλαιολ’</span> <span class='ocrx_word' id='word_1_34' title='bbox 874 631 1003 691; x_wconf 88' lang='grc' dir='ltr'>γαμους</span> 
     </span>
     <span class='ocr_line' id='line_1_6' title="bbox 19 703 1035 798; baseline 0.001 -23.007"><span class='ocrx_word' id='word_1_35' title='bbox 19 703 196 795; x_wconf 75' lang='grc' dir='ltr'>Ῥωμαϊκῇ</span> <span class='ocrx_word' id='word_1_36' title='bbox 217 713 423 798; x_wconf 75' lang='grc' dir='ltr'>προσηγορίᾳ</span> <span class='ocrx_word' id='word_1_37' title='bbox 450 705 756 794; x_wconf 81' lang='grc' dir='ltr'>περιλαμβάνοντες</span> <span class='ocrx_word' id='word_1_38' title='bbox 776 713 1035 793; x_wconf 75' lang='grc' dir='ltr'>φαρραχείουςε</span> 
     </span>
     <span class='ocr_line' id='line_1_7' title="bbox 24 803 1000 898; baseline 0.002 -21"><span class='ocrx_word' id='word_1_39' title='bbox 24 810 84 877; x_wconf 79' lang='grc' dir='ltr'>ἐπὶ</span> <span class='ocrx_word' id='word_1_40' title='bbox 98 813 162 897; x_wconf 78' lang='grc' dir='ltr'>τῆς</span> <span class='ocrx_word' id='word_1_41' title='bbox 171 817 350 889; x_wconf 79' lang='grc' dir='ltr'>κοινωνίας</span> <span class='ocrx_word' id='word_1_42' title='bbox 362 814 424 878; x_wconf 84' lang='grc' dir='ltr'>τού</span> <span class='ocrx_word' id='word_1_43' title='bbox 435 807 581 898; x_wconf 88' lang='grc' dir='ltr'>φαρρός,</span> <span class='ocrx_word' id='word_1_44' title='bbox 596 805 616 878; x_wconf 81' lang='grc' dir='ltr'>ό</span> <span class='ocrx_word' id='word_1_45' title='bbox 629 812 797 895; x_wconf 73' lang='grc' dir='ltr'>καλοῦμεν</span> <span class='ocrx_word' id='word_1_46' title='bbox 811 803 905 898; x_wconf 69' lang='grc' dir='ltr'>ἡμεῖς</span> <span class='ocrx_word' id='word_1_47' title='bbox 916 810 1000 893; x_wconf 80' lang='grc' dir='ltr'>ζέαν.</span> 
     </span>
     <span class='ocr_line' id='line_1_8' title="bbox 24 902 999 1001; baseline 0.002 -21"><span class='ocrx_word' id='word_1_48' title='bbox 24 909 119 999; x_wconf 75' lang='grc' dir='ltr'>αὕτη</span> <span class='ocrx_word' id='word_1_49' title='bbox 134 910 202 998; x_wconf 83' lang='grc' dir='ltr'>γάρ</span> <span class='ocrx_word' id='word_1_50' title='bbox 218 902 263 999; x_wconf 81' lang='grc' dir='ltr'>ἦν</span> <span class='ocrx_word' id='word_1_51' title='bbox 280 909 402 999; x_wconf 78' lang='grc' dir='ltr'>ἀρχαία</span> <span class='ocrx_word' id='word_1_52' title='bbox 418 914 474 981; x_wconf 80' lang='grc' dir='ltr'>καλ</span> <span class='ocrx_word' id='word_1_53' title='bbox 493 914 589 1000; x_wconf 69' lang='grc' dir='ltr'>μέχρι</span> <span class='ocrx_word' id='word_1_54' title='bbox 607 916 734 982; x_wconf 84' lang='grc' dir='ltr'>πολλοῦ</span> <span class='ocrx_word' id='word_1_55' title='bbox 745 911 899 1001; x_wconf 80' lang='grc' dir='ltr'>συνήθης</span> <span class='ocrx_word' id='word_1_56' title='bbox 911 909 999 982; x_wconf 86' lang='grc' dir='ltr'>ἀπα-</span> 
     </span>
     <span class='ocr_line' id='line_1_9' title="bbox 23 1010 1000 1104; baseline 0 -21"><span class='ocrx_word' id='word_1_57' title='bbox 23 1034 85 1084; x_wconf 91' lang='grc' dir='ltr'>σιν</span> <span class='ocrx_word' id='word_1_58' title='bbox 111 1011 230 1094; x_wconf 79' lang='grc' dir='ltr'>αύτολς</span> <span class='ocrx_word' id='word_1_59' title='bbox 246 1010 269 1103; x_wconf 78' lang='grc' dir='ltr'><strong><em>ἡ</em></strong></span> <span class='ocrx_word' id='word_1_60' title='bbox 287 1013 414 1102; x_wconf 80' lang='grc' dir='ltr'>τροφὴ</span> <span class='ocrx_word' id='word_1_61' title='bbox 441 1018 538 1102; x_wconf 78' lang='grc' dir='ltr'>φόρει</span> <span class='ocrx_word' id='word_1_62' title='bbox 557 1013 596 1084; x_wconf 71' lang='grc' dir='ltr'>δὲ</span> <span class='ocrx_word' id='word_1_63' title='bbox 614 1010 743 1103; x_wconf 79' lang='grc' dir='ltr'>πολλὴν</span> <span class='ocrx_word' id='word_1_64' title='bbox 764 1015 820 1084; x_wconf 77' lang='grc' dir='ltr'>καὶ</span> <span class='ocrx_word' id='word_1_65' title='bbox 846 1011 998 1103; x_wconf 87' lang='grc' dir='ltr'>καλην</span> <span class='ocrx_word' id='word_1_66' title='bbox 978 1043 1000 1104; x_wconf 89' lang='grc' dir='ltr'>η</span> 
     </span>
     <span class='ocr_line' id='line_1_10' title="bbox 17 1113 999 1206; baseline 0.003 -23.034"><span class='ocrx_word' id='word_1_67' title='bbox 17 1113 259 1205; x_wconf 83' lang='grc' dir='ltr'>Ῥωμαίωνγῆ</span> <span class='ocrx_word' id='word_1_68' title='bbox 273 1115 335 1206; x_wconf 80' lang='grc' dir='ltr'>τὴν</span> <span class='ocrx_word' id='word_1_69' title='bbox 348 1118 433 1201; x_wconf 73' lang='grc' dir='ltr'>ζόαν.</span> <span class='ocrx_word' id='word_1_70' title='bbox 465 1115 570 1187; x_wconf 78' lang='grc' dir='ltr'>καί”</span> <span class='ocrx_word' id='word_1_71' title='bbox 543 1137 656 1202; x_wconf 85' lang='grc' dir='ltr'>ωσπερ</span> <span class='ocrx_word' id='word_1_72' title='bbox 667 1113 826 1204; x_wconf 83' lang='grc' dir='ltr'>Ἕλληνες</span> <span class='ocrx_word' id='word_1_73' title='bbox 846 1114 907 1186; x_wconf 85' lang='grc' dir='ltr'>τόν</span> <span class='ocrx_word' id='word_1_74' title='bbox 925 1123 999 1206; x_wconf 84' lang='grc' dir='ltr'>κρί-</span> 
     </span>
     <span class='ocr_line' id='line_1_11' title="bbox 24 1215 1052 1346; baseline 0.002 -57"><span class='ocrx_word' id='word_1_75' title='bbox 24 1231 137 1289; x_wconf 90' lang='grc' dir='ltr'>θινον</span> <span class='ocrx_word' id='word_1_76' title='bbox 156 1217 286 1306; x_wconf 85' lang='grc' dir='ltr'>καρπὸν</span> <span class='ocrx_word' id='word_1_77' title='bbox 305 1217 523 1308; x_wconf 78' lang='grc' dir='ltr'>ἀρχαιότατον</span> <span class='ocrx_word' id='word_1_78' title='bbox 543 1215 840 1346; x_wconf 78' lang='grc' dir='ltr'>ύπολαμβάυογτες</span> <span class='ocrx_word' id='word_1_79' title='bbox 860 1221 915 1289; x_wconf 73' lang='grc' dir='ltr'>ἐπὶ</span> <span class='ocrx_word' id='word_1_80' title='bbox 932 1225 1001 1290; x_wconf 80' lang='grc' dir='ltr'>τεόν</span> <span class='ocrx_word' id='word_1_81' title='bbox 1019 1245 1052 1298; x_wconf 81' lang='lat'>10</span> 
     </span>
     <span class='ocr_line' id='line_1_12' title="bbox 25 1318 999 1410; baseline 0.003 -19"><span class='ocrx_word' id='word_1_82' title='bbox 25 1326 169 1392; x_wconf 88' lang='grc' dir='ltr'>θυσιων</span> <span class='ocrx_word' id='word_1_83' title='bbox 191 1333 326 1409; x_wconf 73' lang='grc' dir='ltr'>κριθαῖς</span> <span class='ocrx_word' id='word_1_84' title='bbox 347 1321 583 1410; x_wconf 74' lang='grc' dir='ltr'>καταρχόμεθα</span> <span class='ocrx_word' id='word_1_85' title='bbox 602 1319 704 1402; x_wconf 84' lang='grc' dir='ltr'>ούλάς</span> <span class='ocrx_word' id='word_1_86' title='bbox 729 1318 832 1402; x_wconf 86' lang='grc' dir='ltr'>αύτάς</span> <span class='ocrx_word' id='word_1_87' title='bbox 855 1327 999 1394; x_wconf 77' lang='grc' dir='ltr'>καλοῦν·</span> 
     </span>
     <span class='ocr_line' id='line_1_13' title="bbox 29 1420 998 1514; baseline 0.002 -20"><span class='ocrx_word' id='word_1_88' title='bbox 29 1453 102 1510; x_wconf 88' lang='grc' dir='ltr'>τες,</span> <span class='ocrx_word' id='word_1_89' title='bbox 120 1421 210 1494; x_wconf 75' lang='grc' dir='ltr'>οὕτω</span> <span class='ocrx_word' id='word_1_90' title='bbox 220 1420 373 1513; x_wconf 70' lang='grc' dir='ltr'>Ῥωμαῖοι</span> <span class='ocrx_word' id='word_1_91' title='bbox 386 1424 586 1514; x_wconf 86' lang='grc' dir='ltr'>τιμιιότατόν</span> <span class='ocrx_word' id='word_1_92' title='bbox 599 1453 636 1496; x_wconf 93' lang='grc' dir='ltr'>τε</span> <span class='ocrx_word' id='word_1_93' title='bbox 650 1423 781 1511; x_wconf 82' lang='grc' dir='ltr'>καρπόν</span> <span class='ocrx_word' id='word_1_94' title='bbox 794 1427 851 1496; x_wconf 77' lang='grc' dir='ltr'>καὶ</span> <span class='ocrx_word' id='word_1_95' title='bbox 864 1423 998 1514; x_wconf 81' lang='grc' dir='ltr'>ἀρχαιό-</span> 
     </span>
     <span class='ocr_line' id='line_1_14' title="bbox 30 1524 1000 1618; baseline 0.002 -22"><span class='ocrx_word' id='word_1_96' title='bbox 30 1555 138 1596; x_wconf 91' lang='grc' dir='ltr'>τατον</span> <span class='ocrx_word' id='word_1_97' title='bbox 159 1527 245 1596; x_wconf 78' lang='grc' dir='ltr'>εἶναι</span> <span class='ocrx_word' id='word_1_98' title='bbox 259 1534 448 1615; x_wconf 78' lang='grc' dir='ltr'>νομίζοντες</span> <span class='ocrx_word' id='word_1_99' title='bbox 467 1526 525 1607; x_wconf 84' lang='grc' dir='ltr'>τάς</span> <span class='ocrx_word' id='word_1_100' title='bbox 545 1530 618 1611; x_wconf 72' lang='grc' dir='ltr'>ζέας</span> <span class='ocrx_word' id='word_1_101' title='bbox 640 1525 697 1598; x_wconf 86' lang='grc' dir='ltr'>διά</span> <span class='ocrx_word' id='word_1_102' title='bbox 718 1527 849 1598; x_wconf 86' lang='grc' dir='ltr'>τούτων</span> <span class='ocrx_word' id='word_1_103' title='bbox 869 1524 1000 1618; x_wconf 84' lang='grc' dir='ltr'>ἀπάσης</span> 
     </span>
     <span class='ocr_line' id='line_1_15' title="bbox 31 1628 999 1720; baseline 0 -20"><span class='ocrx_word' id='word_1_104' title='bbox 31 1630 191 1718; x_wconf 75' lang='grc' dir='ltr'>ἐμπύρου</span> <span class='ocrx_word' id='word_1_105' title='bbox 211 1639 336 1711; x_wconf 88' lang='grc' dir='ltr'>θυσίας</span> <span class='ocrx_word' id='word_1_106' title='bbox 356 1630 587 1718; x_wconf 84' lang='grc' dir='ltr'>κατάρχονται.</span> <span class='ocrx_word' id='word_1_107' title='bbox 621 1633 715 1720; x_wconf 78' lang='grc' dir='ltr'>μένει</span> <span class='ocrx_word' id='word_1_108' title='bbox 732 1628 796 1719; x_wconf 89' lang='grc' dir='ltr'>γάρ</span> <span class='ocrx_word' id='word_1_109' title='bbox 817 1639 865 1701; x_wconf 82' lang='grc' dir='ltr'>ἔτι</span> <span class='ocrx_word' id='word_1_110' title='bbox 886 1633 942 1700; x_wconf 81' lang='grc' dir='ltr'>καὶ</span> <span class='ocrx_word' id='word_1_111' title='bbox 958 1629 999 1701; x_wconf 85' lang='grc' dir='ltr'>ού</span> 
     </span>
     <span class='ocr_line' id='line_1_16' title="bbox 9 1729 1050 1828; baseline 0.001 -25"><span class='ocrx_word' id='word_1_112' title='bbox 9 1735 298 1828; x_wconf 75' lang='grc' dir='ltr'>εμεταπὲπτωκεν</span> <span class='ocrx_word' id='word_1_113' title='bbox 319 1739 367 1814; x_wconf 86' lang='grc' dir='ltr'>είς</span> <span class='ocrx_word' id='word_1_114' title='bbox 385 1735 667 1822; x_wconf 76' lang='grc' dir='ltr'>πολυτελεστέρας</span> <span class='ocrx_word' id='word_1_115' title='bbox 686 1729 838 1821; x_wconf 78' lang='grc' dir='ltr'>ἀπαρχάς</span> <span class='ocrx_word' id='word_1_116' title='bbox 854 1732 893 1803; x_wconf 86' lang='grc' dir='ltr'>τό</span> <span class='ocrx_word' id='word_1_117' title='bbox 908 1739 997 1816; x_wconf 80' lang='grc' dir='ltr'>ἔθος.</span> <span class='ocrx_word' id='word_1_118' title='bbox 1017 1759 1050 1814; x_wconf 72' lang='lat'>15</span> 
     </span>
     <span class='ocr_line' id='line_1_17' title="bbox 32 1833 998 1928; baseline 0.003 -23"><span class='ocrx_word' id='word_1_119' title='bbox 32 1836 69 1906; x_wconf 87' lang='grc' dir='ltr'>τό</span> <span class='ocrx_word' id='word_1_120' title='bbox 86 1833 134 1926; x_wconf 77' lang='grc' dir='ltr'>δὴ</span> <span class='ocrx_word' id='word_1_121' title='bbox 155 1835 341 1917; x_wconf 82' lang='grc' dir='ltr'>κοινωνούς</span> <span class='ocrx_word' id='word_1_122' title='bbox 360 1840 418 1926; x_wconf 83' lang='grc' dir='ltr'>τῆς</span> <span class='ocrx_word' id='word_1_123' title='bbox 437 1835 618 1927; x_wconf 74' lang='grc' dir='ltr'>ἱερωτάτης</span> <span class='ocrx_word' id='word_1_124' title='bbox 640 1864 676 1907; x_wconf 87' lang='grc' dir='ltr'>τε</span> <span class='ocrx_word' id='word_1_125' title='bbox 696 1838 753 1906; x_wconf 80' lang='grc' dir='ltr'>καί</span> <span class='ocrx_word' id='word_1_126' title='bbox 771 1835 903 1927; x_wconf 81' lang='grc' dir='ltr'>πραότης</span> <span class='ocrx_word' id='word_1_127' title='bbox 921 1865 998 1928; x_wconf 91' lang='grc' dir='ltr'>τρο·</span> 
     </span>
     <span class='ocr_line' id='line_1_18' title="bbox 33 1937 1008 2030; baseline 0.003 -21"><span class='ocrx_word' id='word_1_128' title='bbox 33 1947 102 2030; x_wconf 78' lang='grc' dir='ltr'>φῆς</span> <span class='ocrx_word' id='word_1_129' title='bbox 117 1942 279 2027; x_wconf 75' lang='grc' dir='ltr'>γενέσθαι</span> <span class='ocrx_word' id='word_1_130' title='bbox 296 1954 459 2027; x_wconf 86' lang='grc' dir='ltr'>γυναίκας</span> <span class='ocrx_word' id='word_1_131' title='bbox 477 1937 622 2029; x_wconf 88' lang='grc' dir='ltr'>ἀνδράσι</span> <span class='ocrx_word' id='word_1_132' title='bbox 642 1942 699 2010; x_wconf 76' lang='grc' dir='ltr'>καὶ</span> <span class='ocrx_word' id='word_1_133' title='bbox 716 1942 771 2010; x_wconf 77' lang='grc' dir='ltr'>ἐπὶ</span> <span class='ocrx_word' id='word_1_134' title='bbox 790 1946 898 2030; x_wconf 73' lang='grc' dir='ltr'>πολλῇ</span> <span class='ocrx_word' id='word_1_135' title='bbox 915 1964 1008 2013; x_wconf 76' lang='grc' dir='ltr'>συν-’</span> 
     </span>
     <span class='ocr_line' id='line_1_19' title="bbox 34 2041 1032 2133; baseline 0.002 -20"><span class='ocrx_word' id='word_1_136' title='bbox 34 2053 156 2113; x_wconf 82' lang='grc' dir='ltr'>ελθείν</span> <span class='ocrx_word' id='word_1_137' title='bbox 176 2042 259 2131; x_wconf 79' lang='grc' dir='ltr'>τύχη</span> <span class='ocrx_word' id='word_1_138' title='bbox 287 2041 350 2133; x_wconf 78' lang='grc' dir='ltr'>τὴν</span> <span class='ocrx_word' id='word_1_139' title='bbox 374 2042 438 2131; x_wconf 67' lang='grc' dir='ltr'>μὲν</span> <span class='ocrx_word' id='word_1_140' title='bbox 457 2047 633 2133; x_wconf 78' lang='grc' dir='ltr'>ἐπίκλησιν</span> <span class='ocrx_word' id='word_1_141' title='bbox 654 2047 713 2133; x_wconf 82' lang='grc' dir='ltr'>τῆς</span> <span class='ocrx_word' id='word_1_142' title='bbox 736 2052 914 2123; x_wconf 85' lang='grc' dir='ltr'>κοινωνίας</span> <span class='ocrx_word' id='word_1_143' title='bbox 940 2048 1001 2115; x_wconf 83' lang='grc' dir='ltr'>τού</span> <span class='ocrx_word' id='word_1_144' title='bbox 1029 2090 1032 2105; x_wconf 50' lang='grc' dir='ltr'>ι</span> 
     </span>
     <span class='ocr_line' id='line_1_20' title="bbox 33 2144 998 2236; baseline 0.002 -21"><span class='ocrx_word' id='word_1_145' title='bbox 33 2145 170 2235; x_wconf 88' lang='grc' dir='ltr'>φαρρός</span> <span class='ocrx_word' id='word_1_146' title='bbox 185 2144 293 2233; x_wconf 76' lang='grc' dir='ltr'>εἶχεν,</span> <span class='ocrx_word' id='word_1_147' title='bbox 311 2152 359 2226; x_wconf 89' lang='grc' dir='ltr'>είς</span> <span class='ocrx_word' id='word_1_148' title='bbox 378 2145 570 2235; x_wconf 78' lang='grc' dir='ltr'>σύνδεσμον</span> <span class='ocrx_word' id='word_1_149' title='bbox 584 2145 618 2217; x_wconf 88' lang='grc' dir='ltr'>δ’</span> <span class='ocrx_word' id='word_1_150' title='bbox 633 2144 817 2234; x_wconf 80' lang='grc' dir='ltr'>ἀναγκαῖον</span> <span class='ocrx_word' id='word_1_151' title='bbox 837 2146 998 2236; x_wconf 75' lang='grc' dir='ltr'>οἰκειότη-</span> 
     </span>
     <span class='ocr_line' id='line_1_21' title="bbox 33 2245 1051 2338; baseline 0 -19"><span class='ocrx_word' id='word_1_152' title='bbox 33 2277 89 2330; x_wconf 90' lang='grc' dir='ltr'>τος</span> <span class='ocrx_word' id='word_1_153' title='bbox 107 2257 231 2337; x_wconf 79' lang='grc' dir='ltr'>ἔφερεν</span> <span class='ocrx_word' id='word_1_154' title='bbox 249 2245 449 2336; x_wconf 88' lang='grc' dir='ltr'>ἀδιαλύτου,</span> <span class='ocrx_word' id='word_1_155' title='bbox 466 2250 523 2319; x_wconf 79' lang='grc' dir='ltr'>καί</span> <span class='ocrx_word' id='word_1_156' title='bbox 535 2248 574 2319; x_wconf 85' lang='grc' dir='ltr'>τό</span> <span class='ocrx_word' id='word_1_157' title='bbox 587 2253 763 2337; x_wconf 76' lang='grc' dir='ltr'>διαιρῆσον</span> <span class='ocrx_word' id='word_1_158' title='bbox 782 2247 860 2329; x_wconf 88' lang='grc' dir='ltr'>τούς</span> <span class='ocrx_word' id='word_1_159' title='bbox 873 2248 1000 2338; x_wconf 89' lang='grc' dir='ltr'>γάμους</span> <span class='ocrx_word' id='word_1_160' title='bbox 1017 2272 1051 2329; x_wconf 82' lang='lat'>20</span> 
     </span>
     <span class='ocr_line' id='line_1_22' title="bbox 34 2342 1001 2441; baseline -0.001 -20"><span class='ocrx_word' id='word_1_161' title='bbox 34 2352 179 2430; x_wconf 85' lang='grc' dir='ltr'>τούτους</span> <span class='ocrx_word' id='word_1_162' title='bbox 196 2347 300 2421; x_wconf 72' lang='grc' dir='ltr'>οὐδὲν</span> <span class='ocrx_word' id='word_1_163' title='bbox 320 2342 374 2440; x_wconf 81' lang='grc' dir='ltr'>ἦν.</span> <span class='ocrx_word' id='word_1_164' title='bbox 415 2342 513 2434; x_wconf 77' lang='grc' dir='ltr'>οὗτος</span> <span class='ocrx_word' id='word_1_165' title='bbox 535 2349 554 2421; x_wconf 89' lang='grc' dir='ltr'>ό</span> <span class='ocrx_word' id='word_1_166' title='bbox 575 2352 678 2441; x_wconf 89' lang='grc' dir='ltr'>νόμος</span> <span class='ocrx_word' id='word_1_167' title='bbox 701 2351 759 2432; x_wconf 88' lang='grc' dir='ltr'>τάς</span> <span class='ocrx_word' id='word_1_168' title='bbox 783 2378 819 2420; x_wconf 90' lang='grc' dir='ltr'>τε</span> <span class='ocrx_word' id='word_1_169' title='bbox 837 2366 1001 2441; x_wconf 75' lang='grc' dir='ltr'>γυναῖκας</span> 
     </span>
     <span class='ocr_line' id='line_1_23' title="bbox 34 2451 1000 2544; baseline -0.002 -19"><span class='ocrx_word' id='word_1_170' title='bbox 34 2454 209 2544; x_wconf 82' lang='grc' dir='ltr'>ἠνάγκασε</span> <span class='ocrx_word' id='word_1_171' title='bbox 234 2451 292 2534; x_wconf 86' lang='grc' dir='ltr'>τάς</span> <span class='ocrx_word' id='word_1_172' title='bbox 319 2454 479 2543; x_wconf 82' lang='grc' dir='ltr'>γαμετάς,</span> <span class='ocrx_word' id='word_1_173' title='bbox 506 2451 562 2525; x_wconf 80' lang='grc' dir='ltr'>οἷα</span> <span class='ocrx_word' id='word_1_174' title='bbox 591 2455 633 2544; x_wconf 79' lang='grc' dir='ltr'>δὴ</span> <span class='ocrx_word' id='word_1_175' title='bbox 662 2460 830 2543; x_wconf 86' lang='grc' dir='ltr'>μηδεμίαν</span> <span class='ocrx_word' id='word_1_176' title='bbox 861 2454 1000 2543; x_wconf 75' lang='grc' dir='ltr'>ἐχούσας</span> 
     </span>
     <span class='ocr_line' id='line_1_24' title="bbox 37 2554 1000 2647; baseline 0 -20"><span class='ocrx_word' id='word_1_177' title='bbox 37 2562 157 2644; x_wconf 80' lang='grc' dir='ltr'>ἑτέραν</span> <span class='ocrx_word' id='word_1_178' title='bbox 170 2554 403 2646; x_wconf 74' lang='grc' dir='ltr'>ἀποστροφὴν,</span> <span class='ocrx_word' id='word_1_179' title='bbox 425 2555 509 2646; x_wconf 89' lang='grc' dir='ltr'>πρός</span> <span class='ocrx_word' id='word_1_180' title='bbox 524 2562 585 2628; x_wconf 72' lang='grc' dir='ltr'>ἕνα</span> <span class='ocrx_word' id='word_1_181' title='bbox 606 2557 667 2628; x_wconf 89' lang='grc' dir='ltr'>τόν</span> <span class='ocrx_word' id='word_1_182' title='bbox 686 2561 749 2626; x_wconf 88' lang='grc' dir='ltr'>τού</span> <span class='ocrx_word' id='word_1_183' title='bbox 776 2558 1000 2647; x_wconf 87' lang='grc' dir='ltr'>γεγαμηκότος</span> 
     </span>
     <span class='ocr_line' id='line_1_25' title="bbox 37 2657 1001 2750; baseline 0.002 -21"><span class='ocrx_word' id='word_1_184' title='bbox 37 2668 95 2750; x_wconf 75' lang='grc' dir='ltr'>ζῆν</span> <span class='ocrx_word' id='word_1_185' title='bbox 123 2660 267 2748; x_wconf 85' lang='grc' dir='ltr'>τρόπον,</span> <span class='ocrx_word' id='word_1_186' title='bbox 293 2662 351 2729; x_wconf 74' lang='grc' dir='ltr'>καὶ</span> <span class='ocrx_word' id='word_1_187' title='bbox 369 2658 448 2740; x_wconf 83' lang='grc' dir='ltr'>τούς</span> <span class='ocrx_word' id='word_1_188' title='bbox 466 2658 593 2750; x_wconf 83' lang='grc' dir='ltr'>ἀνδρας</span> <span class='ocrx_word' id='word_1_189' title='bbox 614 2657 658 2742; x_wconf 79' lang='grc' dir='ltr'>ἀς</span> <span class='ocrx_word' id='word_1_190' title='bbox 680 2657 866 2749; x_wconf 77' lang='grc' dir='ltr'>ἀναγκαίου</span> <span class='ocrx_word' id='word_1_191' title='bbox 887 2664 1001 2731; x_wconf 78' lang='grc' dir='ltr'>τεκαὶ</span> 
     </span>
     <span class='ocr_line' id='line_1_26' title="bbox 37 2760 1051 2853; baseline 0.002 -21"><span class='ocrx_word' id='word_1_192' title='bbox 37 2762 270 2851; x_wconf 69' lang='grc' dir='ltr'>ἀναφαιρέτου</span> <span class='ocrx_word' id='word_1_193' title='bbox 298 2762 461 2852; x_wconf 80' lang='grc' dir='ltr'>κτήματος</span> <span class='ocrx_word' id='word_1_194' title='bbox 481 2767 539 2853; x_wconf 78' lang='grc' dir='ltr'>τῆς</span> <span class='ocrx_word' id='word_1_195' title='bbox 559 2760 721 2850; x_wconf 89' lang='grc' dir='ltr'>γυναικός</span> <span class='ocrx_word' id='word_1_196' title='bbox 741 2776 887 2852; x_wconf 71' lang='grc' dir='ltr'>κρατεῖν.</span> <span class='ocrx_word' id='word_1_197' title='bbox 932 2786 999 2834; x_wconf 88' lang='grc' dir='ltr'>σω·</span> <span class='ocrx_word' id='word_1_198' title='bbox 1017 2778 1051 2833; x_wconf 69' lang='grc'>25</span> 
     </span>
     <span class='ocr_line' id='line_1_27' title="bbox 39 2857 1000 2960; baseline 0 -23"><span class='ocrx_word' id='word_1_199' title='bbox 39 2872 216 2953; x_wconf 79' lang='grc' dir='ltr'>φρονοῦσα</span> <span class='ocrx_word' id='word_1_200' title='bbox 233 2865 296 2954; x_wconf 71' lang='grc' dir='ltr'>μὲν</span> <span class='ocrx_word' id='word_1_201' title='bbox 308 2857 373 2936; x_wconf 85' lang='grc' dir='ltr'>οὖν</span> <span class='ocrx_word' id='word_1_202' title='bbox 391 2868 448 2935; x_wconf 79' lang='grc' dir='ltr'>καί</span> <span class='ocrx_word' id='word_1_203' title='bbox 464 2866 573 2935; x_wconf 83' lang='grc' dir='ltr'>πάντα</span> <span class='ocrx_word' id='word_1_204' title='bbox 592 2872 640 2960; x_wconf 75' lang='grc' dir='ltr'>τῷ</span> <span class='ocrx_word' id='word_1_205' title='bbox 660 2866 860 2955; x_wconf 89' lang='grc' dir='ltr'>γεγαμηκότι</span> <span class='ocrx_word' id='word_1_206' title='bbox 881 2878 1000 2937; x_wconf 80' lang='grc' dir='ltr'>πειθο-</span> 
     </span>
     <span class='ocr_line' id='line_1_28' title="bbox 40 2960 1000 3058; baseline -0.002 -19"><span class='ocrx_word' id='word_1_207' title='bbox 40 2972 122 3058; x_wconf 79' lang='grc' dir='ltr'>μέυη</span> <span class='ocrx_word' id='word_1_208' title='bbox 146 2966 236 3056; x_wconf 76' lang='grc' dir='ltr'>γυνη</span> <span class='ocrx_word' id='word_1_209' title='bbox 254 2976 356 3056; x_wconf 84' lang='grc' dir='ltr'>κυρία</span> <span class='ocrx_word' id='word_1_210' title='bbox 380 2973 444 3038; x_wconf 82' lang='grc' dir='ltr'>τοῦ</span> <span class='ocrx_word' id='word_1_211' title='bbox 462 2980 559 3039; x_wconf 78' lang='grc' dir='ltr'>οἴκου</span> <span class='ocrx_word' id='word_1_212' title='bbox 585 2968 646 3039; x_wconf 88' lang='grc' dir='ltr'>τόν</span> <span class='ocrx_word' id='word_1_213' title='bbox 671 2966 775 3038; x_wconf 82' lang='grc' dir='ltr'>αὐτόν</span> <span class='ocrx_word' id='word_1_214' title='bbox 796 2968 920 3055; x_wconf 84' lang='grc' dir='ltr'>τρόπον</span> <span class='ocrx_word' id='word_1_215' title='bbox 946 2960 1000 3057; x_wconf 84' lang='grc' dir='ltr'>ἦν,</span> 
     </span>
     <span class='ocr_line' id='line_1_29' title="bbox 41 3067 1089 3161; baseline -0.003 -20"><span class='ocrx_word' id='word_1_216' title='bbox 41 3069 144 3161; x_wconf 87' lang='grc' dir='ltr'>όνπερ</span> <span class='ocrx_word' id='word_1_217' title='bbox 159 3068 178 3141; x_wconf 88' lang='grc' dir='ltr'>ό</span> <span class='ocrx_word' id='word_1_218' title='bbox 193 3068 298 3160; x_wconf 79' lang='grc' dir='ltr'>ἀνὴρ,</span> <span class='ocrx_word' id='word_1_219' title='bbox 319 3074 375 3142; x_wconf 83' lang='grc' dir='ltr'>καί</span> <span class='ocrx_word' id='word_1_220' title='bbox 387 3071 646 3161; x_wconf 80' lang='grc' dir='ltr'>τελευτήσαντος</span> <span class='ocrx_word' id='word_1_221' title='bbox 659 3067 783 3158; x_wconf 85' lang='grc' dir='ltr'>ἀνδρὸς</span> <span class='ocrx_word' id='word_1_222' title='bbox 797 3069 1002 3160; x_wconf 86' lang='grc' dir='ltr'>κληρονόμος</span> <span class='ocrx_word' id='word_1_223' title='bbox 1087 3140 1089 3146; x_wconf 78' lang='grc'>,</span> 
     </span>
     <span class='ocr_line' id='line_1_30' title="bbox 43 3170 1002 3264; baseline -0.001 -22"><span class='ocrx_word' id='word_1_224' title='bbox 43 3177 168 3260; x_wconf 80' lang='grc' dir='ltr'>ἐγίνετο</span> <span class='ocrx_word' id='word_1_225' title='bbox 188 3180 260 3243; x_wconf 74' lang='grc' dir='ltr'>τῶν</span> <span class='ocrx_word' id='word_1_226' title='bbox 276 3174 471 3264; x_wconf 77' lang='grc' dir='ltr'>χρημάτων,</span> <span class='ocrx_word' id='word_1_227' title='bbox 493 3172 538 3256; x_wconf 82' lang='grc' dir='ltr'>ἀς</span> <span class='ocrx_word' id='word_1_228' title='bbox 556 3174 711 3263; x_wconf 84' lang='grc' dir='ltr'>θυγάτηρ</span> <span class='ocrx_word' id='word_1_229' title='bbox 726 3170 868 3261; x_wconf 84' lang='grc' dir='ltr'>πατρὸς,</span> <span class='ocrx_word' id='word_1_230' title='bbox 895 3178 927 3241; x_wconf 81' lang='grc' dir='ltr'>εἰ</span> <span class='ocrx_word' id='word_1_231' title='bbox 939 3172 1002 3260; x_wconf 71' lang='grc' dir='ltr'>μὲν</span> 
     </span>
     <span class='ocr_line' id='line_1_31' title="bbox 13 3273 1053 3367; baseline 0 -23"><span class='ocrx_word' id='word_1_232' title='bbox 13 3276 139 3359; x_wconf 72' lang='grc' dir='ltr'>νάπαις</span> <span class='ocrx_word' id='word_1_233' title='bbox 164 3304 203 3347; x_wconf 90' lang='grc' dir='ltr'>τε</span> <span class='ocrx_word' id='word_1_234' title='bbox 228 3279 285 3346; x_wconf 79' lang='grc' dir='ltr'>καί</span> <span class='ocrx_word' id='word_1_235' title='bbox 312 3278 419 3367; x_wconf 68' lang='grc' dir='ltr'>μηδὲν</span> <span class='ocrx_word' id='word_1_236' title='bbox 446 3280 646 3367; x_wconf 74' lang='grc' dir='ltr'>διαθέμενος</span> <span class='ocrx_word' id='word_1_237' title='bbox 671 3274 839 3346; x_wconf 81' lang='grc' dir='ltr'>ἀποθάνοι</span> <span class='ocrx_word' id='word_1_238' title='bbox 867 3273 1002 3343; x_wconf 86' lang='grc' dir='ltr'>πάντων</span> <span class='ocrx_word' id='word_1_239' title='bbox 1018 3286 1053 3344; x_wconf 73' lang='grc' dir='ltr'>λα</span> 
     </span>
     <span class='ocr_line' id='line_1_32' title="bbox 43 3371 999 3468; baseline -0.002 -20"><span class='ocrx_word' id='word_1_240' title='bbox 43 3371 126 3449; x_wconf 79' lang='grc' dir='ltr'>οὖσα</span> <span class='ocrx_word' id='word_1_241' title='bbox 146 3388 249 3466; x_wconf 88' lang='grc' dir='ltr'>κυρία</span> <span class='ocrx_word' id='word_1_242' title='bbox 269 3386 338 3449; x_wconf 76' lang='grc' dir='ltr'>τῶν</span> <span class='ocrx_word' id='word_1_243' title='bbox 358 3377 654 3468; x_wconf 77' lang='grc' dir='ltr'>ἀπολειφθέντων,</span> <span class='ocrx_word' id='word_1_244' title='bbox 681 3382 714 3448; x_wconf 85' lang='grc' dir='ltr'>εί</span> <span class='ocrx_word' id='word_1_245' title='bbox 732 3376 770 3447; x_wconf 66' lang='grc' dir='ltr'>δὲ</span> <span class='ocrx_word' id='word_1_246' title='bbox 788 3374 910 3464; x_wconf 83' lang='grc' dir='ltr'>γενεάν</span> <span class='ocrx_word' id='word_1_247' title='bbox 929 3382 999 3463; x_wconf 81' lang='grc' dir='ltr'>ἔχοι</span> 
     </span>
     <span class='ocr_line' id='line_1_33' title="bbox 36 3473 999 3574; baseline -0.001 -24"><span class='ocrx_word' id='word_1_248' title='bbox 36 3473 109 3563; x_wconf 81' lang='grc' dir='ltr'>1τοῖς</span> <span class='ocrx_word' id='word_1_249' title='bbox 121 3483 241 3552; x_wconf 78' lang='grc' dir='ltr'>παισὶν</span> <span class='ocrx_word' id='word_1_250' title='bbox 261 3482 431 3574; x_wconf 78' lang='grc' dir='ltr'>ἰσόμοιρος</span> <span class='ocrx_word' id='word_1_251' title='bbox 450 3485 620 3573; x_wconf 73' lang='grc' dir='ltr'>γινομένη.</span> <span class='ocrx_word' id='word_1_252' title='bbox 655 3475 892 3569; x_wconf 76' lang='grc' dir='ltr'>ἁμαρτάνουσα</span> <span class='ocrx_word' id='word_1_253' title='bbox 910 3480 999 3549; x_wconf 81' lang='grc' dir='ltr'>δέτι</span> 
     </span>
    </p>
   </div>
   <div class='ocr_carea' id='block_1_3' title="bbox 93 3588 846 3650">
    <p class='ocr_par' dir='ltr' id='par_1_3' title="bbox 93 3588 846 3650">
     <span class='ocr_line' id='line_1_34' title="bbox 93 3588 846 3650; baseline 0.001 -2"><span class='ocrx_word' id='word_1_254' title='bbox 93 3614 169 3650; x_wconf 72' lang='lat' dir='ltr'><strong>mon.</strong></span> <span class='ocrx_word' id='word_1_255' title='bbox 184 3615 203 3649; x_wconf 84' lang='grc' dir='ltr'>τ.</span> <span class='ocrx_word' id='word_1_256' title='bbox 809 3588 846 3649; x_wconf 86' lang='grc'>10</span> 
     </span>
    </p>
   </div>
   <div class='ocr_carea' id='block_1_4' title="bbox 0 0 1188 3850">
    <p class='ocr_par' dir='ltr' id='par_1_4' title="bbox 0 0 1188 3850">
     <span class='ocr_line' id='line_1_35' title="bbox 0 0 1188 3850; baseline 0 0"><span class='ocrx_word' id='word_1_257' title='bbox 0 0 1188 3850; x_wconf 95' lang='lat' dir='ltr'> </span> 
     </span>
    </p>
   </div>
  </div>
 </body>
</html>
