2367 3850
449 161 493 174 -·
550 129 677 192 Γ-
966 131 1030 196 235

36 286 38 288 ¹
63 285 210 378 πόμενοι
223 295 369 380 μίασμα,
390 289 433 361 οὐ
446 291 510 382 γάρ
525 291 567 381 δή
582 295 680 362 κακοὶ
693 289 807 381 ψυχήν
826 285 1030 382 ὁμολογοῦν-

62 419 123 472 τες
141 390 248 479 εἶναι,
267 393 346 474 τούς
360 399 421 478 ἔξω
435 397 626 484 τοῦγένους
643 395 816 478 άξιάσαιτε
831 405 949 466 καλεῖν
967 426 1031 485 μή·

12 501 42 552 51
65 499 191 582 δεμίαν
209 491 291 584 ὑμῖν
308 495 460 587 άνάγκην
474 501 686 588 προςφέρειν.
714 503 819 567 ταῦτα
831 503 891 588 τής
906 505 1031 588 βουλής

62 601 303 687 ψηφισαμένης
322 602 379 668 καὶ
405 598 484 670 οὔτε
503 600 585 688 πρὸς
603 598 709 690 ὀργήν
728 602 906 689 δεξομένης
924 609 957 670 εί
981 597 1030 672 δι’
1079 663 1083 670 .

62 697 173 768 ὄκνου
188 697 224 768 τὰ
237 708 337 791 ἔργον
356 702 492 792 λάβοιτε
511 701 589 772 οὔτε
609 701 733 792 μικράν
745 702 844 791 χάριν
859 707 1031 792 εἰσομένης
1047 716 1065 768 ο

61 798 152 891 ὑμῖν
175 807 207 870 εἰ
225 811 426 894 τιμιωτέραν
453 802 642 895 ἡγήσαισθε
666 811 724 894 τής
753 813 951 893 συγγενείας
969 804 1032 896 τήν

62 909 233 990 πατρίδα,
248 907 428 996 τυγχάνετε
443 902 483 977 εὖ
495 908 770 997 βουλευσάμενοι.

140 1006 245 1077 XVII.
257 1005 314 1091 Ὡς
324 1009 366 1100 δή
376 1009 470 1080 ταῦτ’
484 1009 681 1110 ήκουσανοί
690 1015 832 1096 νεανίαι,
849 1009 1031 1096 μεταστάν-

60 1137 121 1190 τες
148 1111 289 1200 ἑτέρωσε
308 1115 364 1182 καλ
386 1116 620 1201 διαλεχθέντες
637 1110 735 1200 ὀλίγα
759 1110 843 1202 πρὸς
867 1109 1033 1199 ἀλλήλους

62 1215 308 1302 προσέρχονται
327 1216 430 1285 πάλιν
451 1214 733 1304 ἀποκρινούμενοι
750 1217 808 1284 καὶ
833 1215 924 1301 λέγει
943 1209 1030 1302 ὑπὲρ
1048 1225 1082 1280 10
1106 1258 1109 1263 ,

62 1312 227 1384 ἁπάντων
247 1312 266 1386 ὁ
287 1317 515 1407 πρεσβύτατος
534 1317 666 1388 τοιάδε·
692 1323 737 1386 Ee
755 1317 818 1406 μὲν
838 1317 1032 1404 ἐλευθέροις

61 1415 148 1506 ήμῑν
175 1411 252 1490 οὖσι
282 1423 338 1488 καὶ
363 1429 493 1510 κυρίοις
512 1426 572 1508 τῆς
598 1426 687 1500 ίδίας
712 1419 848 1509 γνάμης
874 1420 1031 1500 ἐξουσίαν
1123 1412 1133 1433 ’

62 1537 223 1607 παρεῖχες
230 1572 240 1607 ,
270 1515 296 1592 ὦ
322 1523 447 1608 Ῥόλλε,
474 1523 727 1611 βουλεύσασθαι
754 1524 831 1611 περὶ
856 1527 919 1590 τοῦ
947 1520 1031 1607 πρὸς

61 1620 145 1704 τούς
171 1621 332 1709 άνεψιούς
357 1623 503 1716 άγεόνος,
538 1624 644 1696 οὐθέν
671 1631 720 1694 ἔτι
750 1622 1030 1712 διαμελλήσαντες

62 1723 323 1814 ἀπεκρινάμεθα
351 1725 394 1798 άν
421 1750 474 1798 σοι
507 1726 584 1808 τοὺς
611 1731 743 1799 ἑαυτῶν
774 1725 1028 1814 διαλογισμούς·
1047 1741 1081 1795 15

62 1827 184 1917 ἐπειδή
206 1829 242 1898 δλ
263 1837 432 1919 περίεστιν
457 1825 538 1920 ήμῑν
558 1828 576 1900 ὁ
597 1827 724 1919 πατήρ,
754 1820 797 1898 οὗ
821 1831 923 1917 χωρίς
948 1827 1030 1900 οάδδ

61 1930 246 2020 τάλάχιστα
260 1934 371 2020 λέγειν
384 1930 407 2023 ή
419 1935 578 2022 πράττειν
597 1931 772 2021 άξιοῦμεν,
791 1932 978 2020 αἰτούμεθά
990 1953 1030 2002 σε

12 2052 47 2103 {52
63 2032 184 2123 ὀλίγον
198 2033 425 2119 ἀναδέξασθαι
440 2036 563 2125 χρόνον
575 2035 638 2125 τήν
647 2034 826 2124 άπόκρισιν
841 2032 952 2123 ήμῶν,
966 2037 1030 2114 ἕως

62 2144 111 2231 τῷ
127 2141 229 2225 πατρὶ
247 2144 488 2226 διαλεχθῶμεν.
516 2142 754 2219 ἐπαινέσαντος
767 2138 805 2207 δέ
818 2142 879 2206 τοῦ
898 2134 1029 2205 Τύλλου

61 2240 127 2329 τήν
148 2238 326 2329 εὐσέβειαν
346 2238 460 2310 αὐτοῖν
480 2244 536 2311 καλ
563 2241 785 2321 κελεύσαντος
811 2237 899 2309 οὕτω
918 2252 1030 2307 ποιελν
1046 2258 1081 2310 νο

62 2340 219 2433 άπήεσαν
243 2339 287 2424 ὡς
310 2342 370 2413 τὸν
389 2347 523 2433 πατέρα.
566 2344 778 2433 δηλώσαντες
798 2342 837 2411 δὲ
856 2338 947 2433 αὐτῷ
971 2337 1031 2422 τάς

63 2446 265 2541 προκλήσεις
276 2451 337 2515 τοῦ
346 2454 558 2534 Φουφεττίου
567 2449 624 2516 καί
633 2442 721 2527 οδςὸ
735 2444 861 2523 Τύλλος
872 2444 1030 2531 διελέχθη

62 2548 188 2635 λόγους
205 2550 261 2617 καί
275 2558 471 2619 τελευταίαν
483 2547 545 2638 τήν
565 2551 697 2619 ἑαυτόν
714 2546 895 2635 ἀπόκρισιν
913 2539 1031 2634 ήξίονν

64 2658 178 2720 εἰπεῖν
196 2650 317 2739 ήντιυα
341 2651 479 2740 γνάμην
498 2648 599 2733 αὐτὸς
625 2659 702 2740 ἔχει.
737 2645 756 2719 δ
777 2650 815 2720 δέ
834 2645 1029 2737 ὑπολαβὸν,

59 2750 152 2823 Ἀλλ’
175 2750 311 2841 εὐσεβὲς
330 2755 410 2845 μὲν,
433 2762 516 2842 ἔφη,
537 2760 674 2843 πρᾶγμα
693 2768 837 2840 ποιεῖτε,
853 2744 880 2823 ὦ
899 2758 1029 2839 παῖδες,
1046 2766 1081 2818 νο

63 2861 114 2949 τῷ
126 2859 227 2945 πατρὶ
239 2862 358 2941 ζῶντες
369 2860 425 2927 καλ
435 2854 539 2927 οὐδὲν
547 2856 632 2927 ἄνευ
641 2861 699 2947 τής
712 2859 793 2946 έμής
805 2856 940 2944 γνώμης
954 2859 1028 2923 δια·

65 2958 307 3049 πραττόμενοι,
335 2959 451 3049 καιρὸς
471 2961 508 3030 δὲ
527 2961 583 3029 καὶ
603 2957 691 3049 ὑμᾶς
713 2957 837 3039 αὐτοὺς
860 2956 926 3046 ήδη
952 2957 1030 3045 περὶ
1088 2997 1090 3000 ·

64 3057 164 3151 ὑμῶν
182 3062 224 3131 τά
238 3089 277 3150 γε
296 3068 478 3151 τηλικαῦτα
492 3069 678 3151 φαίνεσθαι
691 3064 910 3151 φρονοῦντας.
942 3054 1029 3127 ὑπο-

65 3165 227 3251 λαβόντες
240 3157 374 3235 οὖντὸν
388 3163 469 3253 έμὸυ
481 3171 558 3252 βίον
575 3164 642 3255 ήδη
654 3168 748 3245 τέλος
767 3170 857 3251 ἔχειν
877 3157 1030 3249 φανερὸν

66 3268 228 3357 ποιήσατέ
241 3296 314 3356 μοι,
336 3276 372 3339 τί
382 3267 425 3356 δή
440 3266 517 3337 ποτ’
531 3264 575 3338 άν
589 3266 683 3339 αάτολ
697 3272 897 3356 προείλεσθε
922 3262 1027 3352 πράτ-
1046 3280 1081 3335 σο

65 3396 138 3440 τειν
171 3369 256 3440 άνεν
287 3375 348 3440 τοῦ
380 3367 505 3457 πατρὸς
539 3374 617 3460 περὶ
652 3374 723 3438 τοῖν
751 3373 851 3437 ίδίυν
884 3373 1028 3453 βουλευ·

67 3475 223 3564 σάμενοι·
261 3470 478 3563 ἀποκρίνεται
508 3471 591 3562 πρὸς
615 3466 720 3540 αὐτόν
748 3466 767 3538 ὁ
798 3466 1028 3558 πρεσβύτατος
