2367 3850
171 143 234 208 258
533 141 761 203 --Γ--

172 302 318 393 πόλεμον
329 297 412 390 ἡμῖν
424 307 628 392 καταστῆναι
649 308 857 393 Φιδηναίους
879 300 1029 383 καλτοός
1042 302 1139 392 ’συμ-

173 407 299 498 μάχους
318 403 433 478 αὐτῶν
453 405 732 496 ἐτιμωρησάμεθα
750 404 816 476 σύν
827 418 939 493 θεοῖς,
959 407 1016 475 καὶ
1038 411 1141 474 δυεῖν

172 510 320 600 θάτερον
345 505 367 598 ἢ
386 508 571 581 παύσονται
592 509 629 579 τό
643 507 762 580 λοιπὸν
775 512 990 596 ἐνοχλοῦντες
1011 504 1097 596 ήμτν
1118 503 1141 595 ἢ

176 620 271 694 δίκας
299 618 451 682 τίσουσιν
473 618 523 682 ἐτι
541 611 672 684 τούτων
697 619 862 701 χείρονας.
906 608 1043 681 άπαιτεῐ
1063 608 1140 679 δέό

142 737 158 788 5
175 715 300 806 καιρὸς,
316 716 389 785 ἐπεὶ
401 712 443 785 τά
456 720 571 806 πρῶτα
584 711 667 804 ήμλν
677 712 753 785 κατ’
769 712 874 804 εύχήν
885 713 1066 803 κεχώρηκε,
1080 716 1141 782 καὶ

95 815 98 818 ’
175 816 253 900 τούς
273 815 396 896 άλλονς
420 818 676 906 τιμωρήσασθαι
701 823 899 906 πολεμίους,
925 815 998 886 ὅσοι
1011 824 1142 905 ’φίλων

175 921 238 1012 μὲν
265 927 401 1006 ἐχουσιν
426 916 572 1008 ὀνόματα
593 921 650 989 καὶ
669 919 939 1010 παρελήφθησαν
965 927 1013 998 είς
1040 918 1143 988 τόνδε

176 1021 236 1092 τὸν
262 1021 407 1110 πόλεμον
436 1017 481 1102 ῶς
500 1026 611 1102 κακῶς
635 1020 714 1102 τούς
733 1021 868 1102 κοινούς
887 1019 1032 1110 ἐχθρούς
1056 1019 1140 1110 μεθ’

175 1121 272 1216 ήμῶν
293 1123 507 1214 ποιήσοντες,
528 1127 746 1213 ἐγκατέλιπον
766 1125 806 1195 δέ
823 1123 862 1195 τό
882 1125 965 1214 πρός
982 1120 1069 1213 ἡμᾶς
1082 1151 1143 1194 xc·

128 1245 160 1298 10
178 1226 257 1298 στόν
268 1229 324 1298 καὶ
337 1225 500 1316 μετὰτῶν
514 1228 685 1316 πολεμίων
697 1224 907 1317 ἀπορρήτους
921 1226 1147 1317 ποιησάμενοι

177 1329 353 1416 συνθήκας
363 1334 562 1416 διαφθείροι
577 1329 705 1410 πάντας
712 1326 799 1419 ήμάς
812 1329 1025 1418 ἐπεβάλοντο.
1052 1327 1147 1399 πολύ

179 1432 243 1522 γάρ
256 1421 347 1502 οὗτοι
362 1438 500 1512 κακίους
514 1438 583 1501 τῶν
601 1435 638 1502 ἐκ
651 1438 713 1502 τοῦ
724 1438 877 1521 φανεροῦ
891 1439 1064 1521 πολεμίων
1077 1434 1146 1501 εἰσὶ

111 1599 117 1609 ,
179 1536 234 1606 καὶ
248 1541 397 1623 μείζονος
417 1538 578 1624 τιμωρίας
590 1531 693 1618 άξιοι·
713 1535 793 1616 τούς
804 1537 867 1624 μὲν
878 1533 943 1624 γάρ
956 1537 1012 1605 καὶ
1028 1534 1145 1622 φυλά·

179 1642 301 1722 ξασθαι
324 1637 444 1729 ῥηίδιον
469 1649 538 1716 τοῖς
565 1638 878 1727 ἐπιβουλευομένοις
903 1641 959 1708 καὶ
984 1646 1145 1726 συμπλα-

130 1759 162 1812 15
180 1743 298 1820 κίυτας
325 1735 369 1820 ῶς
391 1736 535 1828 ἐχθρούς
556 1735 752 1827 άμύνασθαι
779 1738 944 1825 δυνατόν,
963 1748 1085 1828 φίλους
1109 1738 1145 1808 δ’

180 1846 314 1931 ἐχθρῶν
328 1833 603 1930 ἐργαποιούντας
614 1839 694 1912 οὔτε
707 1842 922 1930 φυλάξασθαι
934 1840 1057 1937 ῥᾴδιον
1064 1838 1147 1912 οὕτε

180 1942 376 2033 άμύυασθαι
390 1958 459 2023 τοῖς
473 1954 786 2034 προκαταληφθεῖσι
804 1944 959 2015 δυνατόν.
996 1937 1143 2016 σύνοιδ’
1167 1969 1169 1972 ·

181 2047 267 2116 εἰσὶν
281 2050 316 2115 os
334 2047 547 2135 πεμφθέντες
566 2044 648 2135 ἡμῖν
666 2044 733 2118 ὑπό
751 2052 810 2137 τῆς
824 2045 998 2137 Ἀλβαυῶν
1013 2046 1147 2126 πόλεως

180 2150 236 2219 ἐπὶ
260 2146 347 2242 δόλῳ
366 2148 533 2237 σύμμαχοι
553 2147 659 2219 κακόν
683 2150 745 2238 μέν
760 2148 864 2221 οὐδὲν
883 2148 945 2237 ὑφ’
961 2145 1059 2239 ήμῶν
1077 2176 1145 2220 κα-

86 2272 96 2298 ί
130 2260 164 2332 20
180 2249 318 2337 θόντες,
339 2247 453 2338 άχαθίι
468 2250 505 2321 δὲ
519 2250 626 2322 πολλά
643 2254 699 2323 καλ
712 2252 849 2341 μεγάλα.
878 2250 1014 2322 ἄποικοι
1026 2256 1092 2341 μίν
1104 2281 1146 2339 γε

181 2349 294 2423 αύτῶυ
314 2350 408 2434 όντες
427 2350 534 2425 οὐθὲν
553 2359 611 2442 τῆς
630 2354 760 2425 τούτων
777 2352 880 2445 άρχής
898 2354 1144 2443 παρασπάσαν-

181 2480 235 2537 τες
255 2460 348 2526 ίδίαν
367 2453 464 2544 ἰσχύν
478 2456 695 2546 καδδύναμιν
707 2454 772 2527 άπό
792 2464 861 2529 τῶν
873 2463 974 2527 ἰδίων
986 2461 1148 2546 πολέμων

181 2557 410 2647 ἐκτησάμεθα,
426 2564 543 2627 ἔθνεσι
561 2559 599 2629 δὲ
612 2566 780 2647 μεγίστοις
792 2562 848 2631 καὶ
861 2558 1148 2649 πολεμικωτάτοις

181 2661 439 2747 ἐπιτειχίσαντες
452 2658 514 2750 τήν
527 2658 623 2749 ἡμῶν
640 2658 755 2733 αὐτῶν
772 2664 872 2734 πόλιν
890 2662 1018 2752 πολλὴν
1030 2661 1145 2751 άσφά-

131 2778 164 2828 25
182 2770 276 2831 λειαυ
298 2762 426 2843 τούτοις
445 2766 507 2833 ταῶ
524 2790 561 2833 τε
580 2760 648 2834 άπὸ
659 2759 858 2854 Τυρρηνῶν
876 2766 933 2834 καλ
947 2762 1015 2835 άπδ
1032 2773 1145 2853 Σαβί-

181 2890 254 2935 νων
267 2862 414 2953 πολέμου
427 2864 673 2955 παρειχόμεθα·
686 2856 726 2955 ής
739 2867 781 2955 δή
791 2866 918 2947 πόλεως
932 2859 972 2936 εὖ
985 2895 1023 2937 τε
1034 2894 1143 2955 πρατ·
1161 2893 1183 2941 4Ι

181 2964 302 3055 τούσης
334 2962 472 3037 πάντων
503 2968 647 3055 μάλιστα
672 2977 802 3059 χαίρειν
835 2966 959 3050 αύτούς
987 2975 1056 3040 ἔδει
1086 2974 1146 3040 καὶ

181 3070 415 3159 σφαλλομένης
436 3070 543 3158 μηδὲν
561 3073 776 3160 ἐνδεέστερον
800 3068 918 3162 ήκερλ
942 3078 1001 3161 τῆς
1029 3068 1146 3142 αύτῶν

181 3168 358 3258 ἄχθεσθαι.
394 3178 429 3243 oc
453 3172 490 3242 δὲ
509 3169 573 3261 άρα
600 3180 812 3260 φθονοῦντες
837 3172 898 3262 ούχ
929 3172 1010 3263 ήμιν
1036 3174 1145 3263 μόνον

132 3288 166 3341 30
181 3277 252 3341 τῶν
265 3270 405 3360 άραθῶν
425 3271 509 3344 άλλά
523 3276 579 3343 καλ
595 3277 727 3356 ἐαυτολς
743 3282 802 3365 τῆς
822 3274 869 3347 δι’
882 3273 968 3365 ἡμᾶς
987 3275 1144 3366 είτυχίας

183 3374 355 3443 διετέλουν
378 3378 435 3445 καλ
454 3380 674 3458 τελευτῶντες
694 3374 739 3459 ῶς
764 3375 876 3449 ούκίτι
902 3380 1055 3468 κατέχειν
1081 3380 1143 3469 τήν

183 3468 334 3556 ύκονλον
356 3482 482 3565 ἔχθραν
503 3477 669 3550 ἐδύναντο
689 3481 835 3570 πόλεμον
855 3478 938 3569 ἡμῖν
968 3496 1140 3573 προεῖπον.
