2367 3850
187 132 227 193 66
436 122 773 241 μηνί--Χ

187 290 247 373 οδς
267 290 408 379 ἐπήγετο
426 290 482 360 καί
501 286 623 361 άλλοθι
643 266 912 379 πολιτευομένων
929 284 993 358 οὐκ
1016 283 1141 357 6666-

187 423 247 466 τον
259 386 318 485 ἦν·
341 400 409 483 ἔχοι
426 392 456 464 δ’
473 390 517 464 άν
535 421 584 476 τις
604 398 662 483 τῆς
681 390 808 483 ἀπάτης
828 394 885 463 καί
908 389 1021 483 ἑτέρας
1040 395 1143 469 αἰτίας

189 504 318 587 λαβεῖν.

144 614 147 637 ²
265 598 358 671 Lllll.
382 603 426 667 El
445 599 485 668 66
495 625 589 680 τινας
600 598 755 690 ταράττει
771 596 809 667 τὸ
823 602 972 688 πολλαχῇ
988 598 1148 685 λέγεσθαί

156 725 225 780 5“τε
246 706 302 775 καί
324 706 524 772 δείκνυσθαι
543 702 672 791 τάφους
692 709 833 772 Αἰνείου
854 699 1026 791 ἀμηχάνου
1055 696 1145 779 ὄντος

190 812 228 878 ἐν
242 812 371 876 πλείοσι
383 803 442 875 τὸν
455 802 559 876 αὐτόν
571 804 745 893 τεθάφθαι
762 811 911 893 χωρίοις,
931 803 1144 893 ἐνθυμηθέν-

60 936 62 941 ·
190 938 244 991 τες
265 908 315 979 ὅτι
336 907 450 978 κοινόν
465 912 555 979 ἐστιν
574 911 629 979 ἐπὶ
643 914 778 980 πολλῶν
795 908 894 994 τοῦτό
912 937 951 996 γε
964 906 1003 979 τδ
1020 904 1145 993 άττορον

190 1014 247 1083 καὶ
259 1012 398 1102 μάλιστα
411 1016 480 1081 τών
500 1010 561 1100 μὲν
575 1015 751 1101 ἐπιφανεῖς
769 1010 828 1092 τάς
843 1011 963 1100 τόχας,
979 1009 1147 1098 πλάνητας

192 1117 230 1188 δέ
245 1114 323 1196 τούς
335 1122 431 1204 βίους
444 1114 651 1204 ἐσχηκότων,
672 1117 873 1205 μαθέτωσαν
885 1114 936 1186 ὅτι
949 1122 1078 1204 χωρίον
1092 1113 1168 1202 μένλ

142 1237 174 1288 10
193 1224 230 1291 ἓν
250 1217 288 1289 τὸ
301 1217 492 1308 ,δεξάμενον
512 1215 552 1287 τὰ
572 1218 708 1307 σώματα
730 1215 843 1289 αὐτῶν
861 1210 920 1309 ἦν,
947 1233 1097 1309 μνημεῖα
1115 1216 1147 1286 δέ

162 1374 168 1381 -
192 1320 282 1413 παρὰ
297 1330 431 1402 πολλοίς
447 1321 690 1392 κατεσκεύαστο
707 1318 754 1391 δι’
770 1320 907 1392 εόνοιάν
923 1328 991 1393 τών
1004 1325 1044 1392 ἐν
1064 1317 1147 1448 ώφε-

193 1433 297 1505 λείαις
315 1426 381 1494 τισί
401 1422 446 1495 δι’
462 1422 584 1506 αὐτοὺς
598 1427 805 1514 γενομένων,
819 1424 960 1513 μάλιστα
979 1432 1009 1494 εἰ
1021 1429 1088 1494 τοῦ
1100 1424 1147 1512 γε’-

62 1520 63 1527 ¹
192 1556 273 1609 νους
298 1525 409 1597 αότών
431 1557 464 1597 τι
489 1554 611 1652 περιιχν
629 1557 651 1617 η
637 1524 799 1609 Ἃπόλεώς
816 1556 906 1609 τινος
932 1524 1109 1607 ἀπόκτισις
1131 1521 1148 1613 6

193 1631 324 1721 χρόνιοί
333 1658 421 1711 τινες
433 1634 489 1701 καί
502 1628 741 1721 φιλάνθρωποι
754 1638 868 1722 μοναί
870 1627 939 1702 οἷα
953 1629 995 1721 δὴ
1004 1634 1064 1700 καὶ
1079 1630 1149 1754 περί

145 1753 177 1805 15
194 1735 293 1806 τόνδε
309 1732 369 1804 τὸν
383 1730 475 1822 ἥρωα
488 1734 769 1824 μυθολογούμενα
783 1746 890 1861 ἰμμεν.
916 1733 998 1828 Ἰλίφ
1012 1732 1128 1823 μὲν
1091 1760 1149 1823 γαρ

195 1838 232 1907 τὸ
246 1866 291 1927 μη
278 1836 457 1906 πασσυδί
471 1842 704 1929 διαφθαρῆναι
721 1836 804 1908 κατά
821 1866 884 1928 την
901 1804 1028 1907 άλωδιν
1043 1864 1148 1926 παρα·

195 1940 302 2031 σχών,
316 1944 358 2030 τῇ
371 1940 409 2011 δέ
422 1943 787 2066 καλουμένηΒεβρυκίᾳ
800 1940 836 2012 τδ
851 1940 1068 2031 ἐπικουρικὸν
1083 1947 1149 2011 δια·

195 2049 349 2134 σωθῆναι
361 2043 633 2134 παρασκεύασας,
647 2049 685 2116 ἐν
695 2053 828 2138 Φρυγίᾳ
839 2044 919 2116 δέ
884 2074 944 2116 τον
955 2042 1045 2114 υἰδν’
1040 2041 1149 2116 Ασκά-

196 2175 270 2219 νιον
287 2148 426 2235 βασιλέα
441 2148 650 2236 καταλιπών,
671 2153 709 2220 ἐν
697 2149 883 2257 Παλλήνη
897 2149 934 2219 δέ
951 2147 1054 2217 πόλιν
1068 2144 1150 2218 ἐπώ-

146 2263 179 2314 20
196 2278 304 2342 νυμον
321 2257 451 2337 κτίσας,
479 2253 517 2320 ἐν
532 2249 691 2345 Ἀρκαδία
697 2233 749 2323 δέ
768 2255 957 2377 θυγατέρας
976 2251 1150 2340 κηδεύσας,

197 2359 235 2426 ἐν
197 2337 387 2426 ἐΣιίκελ
372 2361 406 2447 ίρι
433 2354 470 2424 δὲ
504 2357 603 2446 μέρος
626 2360 684 2445 της
714 2359 868 2445 στρατιάς
897 2351 1150 2444 ὑπολιπόμενος,

197 2467 331 2538 πολλοῖς
345 2453 415 2528 δέ”
395 2466 507 2540 αλλοις
519 2465 653 2548 χωρίοις
666 2457 931 2589 φιλανθρώπους
948 2456 1008 2540 τάς
1023 2463 1148 2545 διατρι-

198 2558 260 2650 βάς
284 2560 501 2648 δωρήσασθαι
524 2566 635 2633 δοκών
663 2561 816 2632 ἕκοόσιον
842 2560 910 2650 εἶχε
937 2558 1018 2652 παρ’
1041 2559 1150 2631 αὐτόν

198 2661 260 2751 τὴν
274 2661 420 2749 εὔνοιαν,
435 2660 482 2732 δι’
493 2661 536 2753 ἣν
549 2663 608 2735 τδν
620 2662 693 2753 μετ’
709 2663 904 2754 άνθρώπων
915 2667 1023 2753 βίονέ
1007 2661 1149 2735 ἐκλιπόν
1163 2713 1165 2721 ·

148 2779 180 2830 25
198 2759 318 2855 ἡρώοις
327 2768 496 2854 ἐκοσμεῖτο
508 2767 752 2858 καίμνημάτων
765 2784 985 2850 κατασκευαις
995 2770 1150 2856 πολλαχῇ

197 2869 270 2939 ἐπεί
291 2869 373 2956 φέρε
386 2876 478 2949 τίνας
496 2865 539 2939 άν
553 2877 660 2954 αἰτίας
673 2877 741 2960 ἐχοι
754 2874 804 2954 τίς
817 2867 1010 2943 όιιοθέσθαι
1030 2877 1150 2942 τώνν
1118 2871 1150 2938 ἐν

194 2960 314 3063 Ἰταλία
332 2967 437 3040 αὐτοῦ
456 2972 658 3063 μνημάτων,
675 2983 707 3046 εἰ
730 2975 812 3103 666
829 2966 907 3064 ἦρξε
935 2974 1066 3044 τούτων
1086 2975 1151 3042 τών

197 3042 330 3203 χωρίών
349 3071 430 3163 μήτε
457 3075 654 3204 κατμγωγάς
679 3083 717 3149 ἐν
736 3076 850 3158 αότοτς
874 3077 1052 3167 ἐποιήσατο
1069 3069 1147 3166 μήθ’

197 3177 282 3260 ὅλως
295 3175 450 3268 ἐγνώσθη
463 3177 546 3269 πρὸς
557 3177 686 3264 αότών;
700 3177 763 3251 άλλ
767 3177 870 3272 ’ὑπὲρ
883 3180 947 3270 μὲν
956 3179 1085 3252 τοώτων
1098 3178 1150 3247 καί

149 3297 182 3349 3ο
199 3273 299 3362 αὖθις
327 3281 542 3372 λεχθήσεται,
566 3282 688 3355 καθότι
705 3280 749 3354 άν
773 3280 791 3354 6
815 3284 912 3374 λόγος
941 3281 999 3373 ἐφ’
1013 3282 1149 3354 ἑκάστου

199 3389 318 3475 καιροῦ
333 3391 526 3477 δηλωθῆναι
541 3383 674 3479 ἀπαιτῇ.

110 3501 114 3508 ’
274 3487 344 3557 LV.
378 3492 446 3559 Τοῦ
470 3490 509 3561 δέ
533 3493 649 3581 μηκέτι
676 3489 874 3583 προσωτέρω
905 3493 963 3580 τῆς
990 3485 1149 3579 Εὐρώπης
