2367 3850
167 79 282 166 κε’
532 96 776 160 -ε-ι

167 258 355 350 ἀμφοτέρας
365 254 424 340 τάς
432 255 609 346 δυνάμεις·
622 265 737 328 ἔπειτα
748 254 950 347 ἀναβοήσεις
959 284 997 328 τε
1005 253 1124 346 ἀθρόαι

167 360 250 453 παρ’
264 359 466 451 ἀμφοτέρων
487 359 602 432 αὐτῶν
619 363 773 448 έγίνοντο
789 363 847 432 καί
868 360 1124 446 παρακελεύσεις

166 481 236 546 τοῖς
254 466 453 554 μαχομένοις
479 461 621 546 έναλλάξ
648 460 748 552 εὐχαί
762 490 801 534 τε
821 466 881 534 καί
906 465 1049 552 οἰμωγαί
1072 465 1125 533 καί

167 566 289 648 παντὸς
309 562 414 638 ἀλλον
426 564 561 646 πάθους
580 568 769 654 ἐναγωνίου
781 568 895 654 φωυαί
909 583 1079 653 συνεχεῖς,
1095 571 1127 635 τί

131 671 229 760 σμλν
248 667 330 759 πρὸς
351 667 392 738 τά
408 668 564 757 δρώμενά
577 696 615 738 τε
634 670 691 738 καί
704 663 860 757 όρόμενα
871 665 935 757 ὑφ’
953 671 1124 757 ἑκατέρων,

166 777 204 844 αἰ
216 773 252 844 δέ
270 769 353 859 πρὸς
365 768 405 840 τά
419 770 582 860 μέλλοντά
595 797 632 840 τε
650 773 707 840 καί
719 767 998 901 υποκτευόμενμ·
1019 772 1074 841 καὶ
1087 762 1125 858 ἦν

165 881 270 944 πλείω
284 902 324 943 τα
312 871 593 960 εἰκαζόμενα
547 902 616 943 των
625 876 824 960 γινομένων.
845 903 867 962 η
879 901 917 942 τε
925 872 992 962 γάρ
1004 871 1081 956 ὅστις
1093 878 1125 942 έκ

165 981 293 1048 πολλοῦ
303 976 522 1064 διαστήματος
532 979 693 1080 γινομένη
704 975 791 1046 πολν
798 1003 836 1044 το
825 973 1019 1064 ἀσαφές
985 1003 1066 1065 ειχε,
1076 978 1126 1044 καί

94 1161 97 1166 ,
164 1079 202 1150 τὸ
215 1107 297 1204 πρμς
316 1076 393 1159 νοός
410 1086 555 1159 οἰκείους
577 1076 764 1166 ἀγωνιστάς
784 1075 934 1158 ἑκάστοις
954 1078 1127 1168 συμπαθές

117 1187 183 1258 1οέ
166 1185 221 1256 έπί
233 1207 271 1252 το
259 1180 536 1271 βεβουλημένον
549 1179 768 1270 ἐλάμβανε
730 1209 772 1252 τα
783 1181 1019 1314 πρασσόμενα,
1044 1187 1084 1250 αλ
1095 1208 1127 1249 τε

165 1299 318 1372 συνεχεῖς
329 1309 398 1354 των
411 1288 610 1374 μαχομένων
623 1284 822 1373 ἐπεμβάσεις
834 1287 890 1354 καὶ
903 1280 1124 1371 όπαναχωρη
1137 1306 1170 1358 σῖ

165 1409 235 1468 σεις
248 1389 304 1455 καί
314 1391 361 1466 εἰς
374 1385 411 1456 τό
426 1385 612 1458 ἀντίπαλον
625 1378 728 1467 αὖθις
740 1384 1035 1476 ἀντιμεταστάσεις
1048 1395 1124 1454 πολ·
1172 1464 1173 1483 ¹

165 1492 221 1560 λαί
235 1491 292 1560 καί
304 1487 523 1578 ἀγχίστροφοι
537 1489 714 1578 γινόμεναι
727 1488 765 1558 τό
773 1487 909 1578 ἀκριβές
922 1495 982 1577 τῆς
992 1489 1124 1577 γνώμης
1172 1494 1173 1511 ’

164 1590 375 1683 ἀφῃροῦντο·
389 1594 562 1664 καὶταῦτα
575 1594 632 1660 έπί
644 1589 755 1662 πολὺν
768 1596 896 1680 ἐγένετο
909 1591 1041 1681 χρόνον.
1064 1590 1124 1681 ῥά-

116 1719 148 1774 15
165 1725 232 1786 μην
245 1723 281 1766 τε
290 1693 354 1784 γάρ
362 1697 513 1785 σώματος
520 1701 639 1784 ἔτυχον
649 1691 768 1783 ὁμοίαν
776 1703 906 1782 ἔχοντες
914 1694 1124 1783 ἕκάτεροικαί
1153 1704 1167 1726 ⁰

165 1798 202 1869 τό
216 1813 376 1885 γενναίου
397 1803 455 1886 τῆς
481 1803 588 1886 ψυχῆς
615 1797 798 1887 ἰσόρροπον
822 1795 937 1877 ὅπλοις
955 1825 992 1866 τε
1011 1803 1123 1865 καλλέ·

164 1922 255 1980 στοις
273 1901 512 1989 ἐσκεπασμένοι
525 1899 566 1971 τά
582 1899 718 1990 στόματα
736 1897 799 1971 ὅλα
813 1902 869 1971 καί
882 1896 1124 1989 γυμνὸνοάόὲν
1172 1920 1173 1954 ¹

165 2000 386 2083 ἀπολιπόντες
410 2006 508 2092 μέρος
530 2000 549 2073 6
569 2006 680 2084 τικαὶ
706 2004 839 2092 τρωθὲν
858 2002 970 2087 ὀξεῖαν
989 2009 1123 2091 ἔμελλεν

165 2118 271 2177 οίσειν
296 2103 358 2194 τὴν
378 2105 549 2195 τελευτὴν,
578 2104 663 2179 ὥστε
684 2108 802 2179 πολλοί
811 2103 983 2195 Ῥωμαίων
1009 2133 1048 2175 τε
1073 2106 1122 2175 καί
1172 2135 1173 2192 χ

114 2226 148 2279 20
163 2207 335 2338 Ἀλβανῶν
352 2211 389 2279 έκ
411 2213 471 2279 τοῦ
491 2218 754 2297 φιλονεικεῖντε
773 2210 830 2279 καὶ
843 2218 1042 2297 συμπαθεῖν
1059 2222 1124 2286 τοῖς
1172 2199 1173 2256 ἰ

164 2313 337 2401 σφετέροις
358 2319 484 2383 έλαθου
502 2308 625 2392 αὐτοὺς
637 2311 676 2382 τό
689 2340 758 2381 των
773 2310 1052 2383 κινδυνευόντων
1069 2338 1121 2399 με
1172 2313 1173 2332 ³

163 2413 366 2502 ταλαβόντες
385 2414 495 2494 πάθος
516 2411 702 2501 ἀγωνισταί
714 2442 751 2485 τε
765 2421 893 2503 μᾶλλον
912 2409 1173 2539 έβοόλοντοη
1172 2411 1174 2486 ἐ

163 2520 285 2587 θεαταὶ
304 2546 373 2588 των
392 2518 575 2605 δρωμένων
588 2520 776 2605 γεγονέναι.
802 2514 917 2642 6666’
930 2508 995 2586 οὖν
1014 2511 1122 2585 ποτεό
1172 2491 1173 2576 ἰ

164 2614 391 2707 πρεσβύτατος
412 2625 481 2689 τῶν
499 2616 671 2708 Ἀλβανόν
690 2625 738 2713 τῷ
764 2618 848 2706 πρός
874 2617 979 2689 αὐτὸν
996 2616 1121 2689 ἀντιτε
1172 2641 1173 2696 3

113 2739 146 2793 σε
163 2721 317 2811 ταγμέυω
333 2720 557 2809 συμπλέκεται
570 2731 682 2792 παίων
694 2748 731 2791 τε
749 2724 805 2796 καί
824 2723 1006 2810 παιόμενος
1025 2720 1122 2799 ἀλλος
1172 2747 1173 2824 χ

163 2820 219 2895 ἐπ’
245 2818 361 2902 άλλαις
381 2823 509 2911 πληγάς
529 2834 589 2897 καί
605 2851 676 2904 πως
697 2824 856 2913 τυγχάνει
883 2831 945 2895 τοῦ
962 2822 1121 2913 Ῥωμαίου
1172 2847 1173 2892 λ

164 2924 221 2998 διά
244 2930 420 3014 βουβωυος
441 2926 632 3014 έυέγκοις
598 2955 636 2997 το
651 2931 756 3016 ξίφος.
790 2923 943 3008 αἰετοῖς
958 2956 996 2999 τε
1013 2925 1122 3007 ἀλλοις
1135 2948 1171 3000 σε

162 3029 328 3117 τραύμασι
342 3032 573 3117 κεκαρωμένος
590 3028 656 3120 ηδη
670 3028 783 3101 καί
746 3060 808 3119 την
823 3039 1021 3101 τελευταίαν
1040 3040 1121 3117 πλη·
1172 3087 1173 3122 χ

162 3132 227 3223 γὴν
260 3130 502 3221 θανατηφόρον
532 3140 619 3219 έχων
649 3128 898 3205 ἀπολυθέντων
919 3139 988 3203 τόν
1013 3139 1122 3221 μελῶν

111 3256 145 3305 ευ
163 3236 360 3320 καταρρυεὶς
379 3232 598 3323 ἀποθνήσκει.
633 3230 679 3314 ὡς
692 3236 729 3305 δὲ
741 3233 834 3306 τοῦτ’
851 3234 947 3305 εἰθον
959 3243 995 3306 οἰ
1004 3239 1121 3307 θεαταὶ

162 3338 220 3419 τῆς
239 3334 343 3423 μάχης
364 3332 431 3425 ἅμα
453 3338 576 3416 πάντες
598 3333 808 3425 ἀνεβόησαν,
825 3336 979 3427 Ἀλβανοί
998 3338 1063 3427 μέν
1081 3335 1121 3419 ός

163 3438 320 3514 ”⁶⁸⁰3va
334 3434 415 3525 ἤδη,
429 3434 581 3527 Ῥωμαῖοι
594 3436 625 3507 δ’
643 3434 687 3519 ὥς
699 3440 931 3530 κρατούμενοι,
959 3438 1039 3521 τοὺς
1060 3439 1121 3531 γάρ
1172 3485 1173 3488 =
