2367 3850
419 183 472 200 -
523 153 656 218 Γ-
955 160 1019 221 277

45 315 168 405 κρύφα
187 313 265 399 τούς
280 317 473 408 συμμάχους
494 319 550 390 καὶ
570 320 649 409 περὶ
669 315 880 408 κατασκευήν
904 315 1018 390 ὅπλων

44 419 234 509 γινόμενοι.

129 521 270 592 XXXX.
292 519 435 592 'Maoabv
454 522 492 592 δὲ
506 519 567 611 τήν
582 522 738 592 διάνοιαν
753 519 899 592 αότωνό
915 521 1014 613 Μάρ·

44 653 123 706 κιος
142 623 333 714 ὑπονόμους
355 622 505 714 ὤρυττεν
525 623 593 696 ἀτό.
612 631 671 714 τῆς
697 631 785 706 ἰδίας
804 632 1017 715 παρεμβολῆς

44 725 236 817 ἀρξόμενος
249 726 315 798 ὑπὸ
329 727 370 798 τά
383 736 474 816 τείχη
488 731 545 817 τῆς
558 727 703 814 πόλεως,
723 729 778 797 καὶ
793 727 910 818 ἐπειδὴ
924 729 1016 812 τέλος
1033 757 1049 807 5

46 831 145 918 εἶχεν
169 829 235 920 ήδη
256 829 294 900 τδ
319 837 435 920 ἔργον,
462 827 652 920 ἀναστήσας
675 829 737 900 τόν
762 829 905 918 στρατόν
932 824 1016 921 ήγεν

45 937 106 1003 ἐπὶ
126 931 189 1022 τήν
213 932 328 1019 πόλιν,
349 932 497 1022 μηχανάς
522 961 559 1002 τε
578 931 703 1013 πολλός
731 936 788 1003 καὶ
807 925 912 1003 τᾶλλα
933 932 1017 1024 πρός

44 1043 265 1124 τειχομαχίαν
291 1038 582 1124 κατεσκευασμένα
609 1034 833 1124 ἐπαγόμενος,
860 1035 902 1105 οὐ
927 1034 1012 1106 καθ’

45 1137 89 1209 ὃν
121 1144 159 1208 αἱ
182 1139 346 1228 διώρυγες
373 1142 524 1227 ἐγίνοντο
550 1144 612 1207 τοῦ
639 1148 769 1226 τείχους
791 1138 912 1224 τόπου,
930 1135 1015 1208 ἀλλά

44 1239 135 1312 καθ’
157 1247 279 1329 ἕτερον.
312 1247 382 1310 τόν
404 1241 441 1311 δε
462 1246 659 1330 Φιδηναίων
678 1243 735 1311 ἐπὶ
755 1241 796 1311 τά
817 1241 1014 1332 πολιορυοό·
1032 1271 1066 1322 10

45 1373 135 1434 μευα
150 1347 232 1434 μέρη
247 1349 304 1434 τῆς
318 1343 444 1424 πόλεως
457 1345 724 1432 συνδραμόντων
736 1342 875 1432 ἀθρόων
886 1347 943 1414 καὶ
956 1342 1015 1426 τάς

46 1446 241 1536 προσβολὰς
261 1453 426 1535 γενναίως
451 1443 745 1537 ἀποτριβομένων,
770 1446 1013 1539 ἀπαναστομό-

46 1573 171 1630 σαντες
189 1549 229 1619 τά
251 1553 378 1637 πέρατα
398 1554 467 1618 ταῖν
491 1547 674 1636 ὑπονόμων
700 1555 735 1618 οἱ
756 1553 937 1639 ταχθέντες
959 1553 1014 1628 ἐπὶ
1118 1588 1123 1595 ·

46 1654 160 1749 τούτῳ
176 1649 328 1741 Ῥωμαῖοι
347 1647 440 1732 ἐντός
461 1651 661 1741 ἐγεγόνεσαν
674 1658 737 1722 τοῦ
756 1653 938 1742 περιβόλου
956 1655 1013 1722 καί

47 1757 127 1840 τούς
149 1753 249 1848 ὁμόσε
272 1763 464 1844 χωροῦντας
478 1761 740 1844 διαφθείραντες
756 1753 931 1842 ἀνοίγουσι
945 1771 1013 1836 τοῖς
1031 1787 1063 1838 15

2 1881 32 1934 26
49 1865 268 1949 πολιορκοῦσι
290 1854 349 1939 τάς
363 1857 479 1939 πόλος.
513 1859 651 1929 πολλῶν
672 1855 703 1928 δ’
720 1861 757 1929 ἐν
774 1863 815 1948 τῇ
829 1857 1014 1948 καταλήψει

48 1971 108 2055 τῆς
123 1965 253 2044 πόλεως
259 1958 587 2050 ἀπολλυμένωντοός
597 1958 734 2042 λοιποός
740 1967 809 2032 τόν
816 1967 1014 2050 Φιδηναίων

47 2067 138 2137 ὅπλα
158 2092 195 2137 τε
214 2068 426 2155 παραδοῦναι
443 2064 605 2145 κελεύσας
617 2061 637 2133 ό
650 2065 805 2154 Μάρκιος
818 2066 875 2133 καὶ
894 2071 941 2143 είς
954 2068 1015 2132 ἕνα
1049 2132 1052 2137 ,

49 2164 155 2240 τόπον
178 2175 237 2256 τῆς
260 2167 387 2249 πόλεως
410 2164 560 2247 ἅπαντας
580 2167 791 2258 προκηρύξας
816 2175 1012 2250 συνελθεῖν,

49 2272 185 2360 ὀλίγους
205 2275 238 2355 ἐξ
257 2268 369 2341 αὐτόν
387 2268 467 2351 τοάς
493 2276 621 2350 αίτίους
641 2276 699 2359 τής
719 2268 932 2347 ἀποστάσεως
947 2267 1011 2355 μά·
1025 2288 1063 2340 20

49 2372 390 2461 στιξιναίκισάμενος
419 2370 632 2458 ἀπέκτεινεν,
659 2380 766 2453 οίκίας
789 2371 828 2440 δὲ
854 2367 1013 2439 ἀπόντων

49 2476 234 2565 διαρπάσαι
253 2490 322 2556 τοῖς
342 2474 558 2563 στρατιώταις
581 2478 759 2564 ἐπιτρέψας
778 2476 835 2543 καὶ
855 2470 1013 2561 φρουρὰν

50 2586 88 2651 ἐν
110 2586 152 2670 τῇ
173 2579 268 2649 πόλει
282 2574 476 2647 καταλιπόν
495 2576 677 2667 ἀξιόχρεων
696 2575 803 2667 ἀπῆγε
822 2573 885 2663 τήν
905 2576 1010 2645 δόνα-

49 2690 108 2774 μιυ
129 2684 185 2753 ἐπί
207 2688 385 2770 Σαβίνους.
426 2678 506 2751 οὐδὲ
536 2679 600 2770 γάρ
626 2683 749 2750 ἐκεῖνοι
774 2680 948 2767 διέμειναν
975 2681 1013 2747 ἐν

49 2800 123 2867 ταῖς
133 2781 341 2872 ὁμολογίαις,
354 2780 394 2863 ἀς
407 2782 606 2872 ἐποιήσαντο
620 2785 768 2872 περὶτῆς
782 2782 915 2872 είρήνης
930 2779 1013 2871 πρός
1030 2798 1063 2849 2⁵

49 2889 190 2979 βασιλέα
214 2887 360 2971 Τύλλου,
389 2883 466 2957 ἀλλ’
481 2886 681 2975 ἐμβαλόντες
698 2891 747 2965 είς
764 2883 827 2975 τήν
843 2882 1013 2973 Ῥωμαίων

49 2998 115 3083 γῆν
132 2988 257 3079 ἐδῄουν
271 2986 374 3076 αὐτῆς
394 2989 457 3079 τήν
472 2986 597 3077 ὅμορον
603 3040 613 3075 ,
636 2987 809 3077 μαθόντε
825 2984 843 3055 ὁ
857 2987 1013 3075 Μάρκιος

49 3090 143 3183 παρά
162 3119 198 3161 τε
214 3088 435 3161 κατασκόπων
454 3092 510 3161 καὶ
529 3088 725 3179 αὐτομόλων
744 3088 805 3159 τόν
822 3086 941 3175 καιρόν
954 3092 1012 3176 τῆς

49 3194 285 3284 ἐπιχειρήσεως
307 3194 560 3281 ἐσκεδασμένων
579 3198 650 3261 τόν
671 3200 834 3281 Σαβίνων
852 3191 910 3257 καὶ
933 3199 1011 3278 λεη-

49 3296 247 3369 λατούντων
264 3294 343 3375 τούς
371 3292 495 3383 ἀγροὺς
520 3291 622 3375 αὐτός
647 3296 710 3385 μὲν
729 3292 797 3382 ἅμα
816 3308 886 3372 τοῖς
905 3300 1013 3376 πεζοῖς
1030 3310 1064 3363 δυ

50 3403 105 3471 ἐπὶ
132 3398 193 3469 τὸν
217 3397 346 3487 χάρακα
368 3401 439 3467 ’τόν
465 3406 637 3484 πολεμίων
664 3394 866 3485 ἀφικόμενος
893 3391 1012 3481 ὀλίγην

51 3512 168 3593 ἔχοντα
186 3500 344 3591 φυλακήν
360 3498 608 3590 καταλαμβάνει
626 3496 665 3567 τό
686 3505 791 3588 ἐρυμα
818 3500 852 3581 ἐξ
873 3495 1011 3586 ἐφόδου,
