<?xml version="1.0" encoding="UTF-8"?>
<!DOCTYPE html PUBLIC "-//W3C//DTD XHTML 1.0 Transitional//EN"
    "http://www.w3.org/TR/xhtml1/DTD/xhtml1-transitional.dtd">
<html xmlns="http://www.w3.org/1999/xhtml" xml:lang="en" lang="en">
 <head>
  <title>
</title>
<meta http-equiv="Content-Type" content="text/html;charset=utf-8" />
  <meta name='ocr-system' content='tesseract 3.04.00' />
  <meta name='ocr-capabilities' content='ocr_page ocr_carea ocr_par ocr_line ocrx_word'/>
</head>
<body>
  <div class='ocr_page' id='page_1' title='image "./dionysihalicarn00kiesgoog/dionysihalicarn00kiesgoog_0223.png"; bbox 0 0 2367 3850; ppageno 0'>
   <div class='ocr_carea' id='block_1_1' title="bbox 422 79 1008 142">
    <p class='ocr_par' dir='ltr' id='par_1_1' title="bbox 422 79 1008 142">
     <span class='ocr_line' id='line_1_1' title="bbox 422 79 1008 142; baseline -0.007 2"><span class='ocrx_word' id='word_1_1' title='bbox 422 80 649 142; x_wconf 74' lang='lat'><em>-13-··</em></span> <span class='ocrx_word' id='word_1_2' title='bbox 949 79 1008 142; x_wconf 77' lang='lat'><strong><em>157</em></strong></span> 
     </span>
    </p>
   </div>
   <div class='ocr_carea' id='block_1_2' title="bbox 20 236 1134 3311">
    <p class='ocr_par' dir='ltr' id='par_1_2' title="bbox 46 236 1044 1052">
     <span class='ocr_line' id='line_1_2' title="bbox 51 236 1009 329; baseline 0.002 -21"><span class='ocrx_word' id='word_1_3' title='bbox 51 241 103 309; x_wconf 85' lang='grc' dir='ltr'><strong><em>καλ</em></strong></span> <span class='ocrx_word' id='word_1_4' title='bbox 124 236 320 329; x_wconf 73' lang='grc' dir='ltr'><strong><em>ἀνθρώπων</em></strong></span> <span class='ocrx_word' id='word_1_5' title='bbox 332 239 468 328; x_wconf 89' lang='grc' dir='ltr'><strong><em>φθόνον</em></strong></span> <span class='ocrx_word' id='word_1_6' title='bbox 481 241 630 322; x_wconf 90' lang='grc' dir='ltr'><strong><em>δεδιότες</em></strong></span> <span class='ocrx_word' id='word_1_7' title='bbox 643 240 739 310; x_wconf 85' lang='grc' dir='ltr'><strong><em>δλεόν</em></strong></span> <span class='ocrx_word' id='word_1_8' title='bbox 752 266 788 310; x_wconf 87' lang='grc' dir='ltr'><strong><em>τε</em></strong></span> <span class='ocrx_word' id='word_1_9' title='bbox 806 245 931 312; x_wconf 87' lang='grc' dir='ltr'><strong><em>κοινῶν</em></strong></span> <span class='ocrx_word' id='word_1_10' title='bbox 949 268 1009 310; x_wconf 80' lang='grc' dir='ltr'><strong><em>κα-</em></strong></span> 
     </span>
     <span class='ocr_line' id='line_1_3' title="bbox 49 339 1011 435; baseline 0.005 -26"><span class='ocrx_word' id='word_1_11' title='bbox 49 348 118 410; x_wconf 98' lang='grc' dir='ltr'><strong><em>κῶν</em></strong></span> <span class='ocrx_word' id='word_1_12' title='bbox 129 340 173 412; x_wconf 87' lang='grc' dir='ltr'><strong><em>ού</em></strong></span> <span class='ocrx_word' id='word_1_13' title='bbox 192 341 313 431; x_wconf 84' lang='grc' dir='ltr'><strong><em>μικρόν</em></strong></span> <span class='ocrx_word' id='word_1_14' title='bbox 326 346 449 428; x_wconf 81' lang='grc' dir='ltr'><strong><em>έρανον</em></strong></span> <span class='ocrx_word' id='word_1_15' title='bbox 465 343 551 435; x_wconf 80' lang='grc' dir='ltr'><strong><em>εἶναι</em></strong></span> <span class='ocrx_word' id='word_1_16' title='bbox 565 351 770 432; x_wconf 79' lang='grc' dir='ltr'><strong><em>νομίζοντες,</em></strong></span> <span class='ocrx_word' id='word_1_17' title='bbox 787 339 831 424; x_wconf 85' lang='grc' dir='ltr'><strong><em>ῶς</em></strong></span> <span class='ocrx_word' id='word_1_18' title='bbox 845 345 900 414; x_wconf 77' lang='grc' dir='ltr'><strong><em>καὶ</em></strong></span> <span class='ocrx_word' id='word_1_19' title='bbox 913 341 1011 414; x_wconf 82' lang='grc' dir='ltr'><strong><em>αὐτοί</em></strong></span> 
     </span>
     <span class='ocr_line' id='line_1_4' title="bbox 50 442 1011 535; baseline 0.003 -21"><span class='ocrx_word' id='word_1_20' title='bbox 50 473 127 514; x_wconf 86' lang='grc' dir='ltr'><strong><em>ποτε</em></strong></span> <span class='ocrx_word' id='word_1_21' title='bbox 140 451 202 513; x_wconf 85' lang='grc' dir='ltr'><strong><em>τού</em></strong></span> <span class='ocrx_word' id='word_1_22' title='bbox 214 443 295 533; x_wconf 86' lang='grc' dir='ltr'><strong><em>παρ’</em></strong></span> <span class='ocrx_word' id='word_1_23' title='bbox 306 449 430 534; x_wconf 82' lang='grc' dir='ltr'><strong><em>ἑτέρων</em></strong></span> <span class='ocrx_word' id='word_1_24' title='bbox 444 449 640 535; x_wconf 81' lang='grc' dir='ltr'><strong><em>δεηθέντες,</em></strong></span> <span class='ocrx_word' id='word_1_25' title='bbox 654 442 736 535; x_wconf 68' lang='grc' dir='ltr'><strong><em>ὑμῖν</em></strong></span> <span class='ocrx_word' id='word_1_26' title='bbox 745 473 782 516; x_wconf 88' lang='grc' dir='ltr'><strong><em>τε</em></strong></span> <span class='ocrx_word' id='word_1_27' title='bbox 795 443 838 516; x_wconf 85' lang='grc' dir='ltr'><strong><em>ού</em></strong></span> <span class='ocrx_word' id='word_1_28' title='bbox 847 462 1011 535; x_wconf 74' lang='grc' dir='ltr'><strong><em>μεμπταῖς</em></strong></span> 
     </span>
     <span class='ocr_line' id='line_1_5' title="bbox 48 544 1011 636; baseline 0.001 -20"><span class='ocrx_word' id='word_1_29' title='bbox 48 544 276 635; x_wconf 77' lang='grc' dir='ltr'><strong><em>ὑπαρχούσαις</em></strong></span> <span class='ocrx_word' id='word_1_30' title='bbox 295 549 391 636; x_wconf 85' lang='grc' dir='ltr'><strong><em>μέχρι</em></strong></span> <span class='ocrx_word' id='word_1_31' title='bbox 416 555 518 621; x_wconf 83' lang='grc' dir='ltr'><strong><em>τοῦδε</em></strong></span> <span class='ocrx_word' id='word_1_32' title='bbox 537 551 614 636; x_wconf 81' lang='grc' dir='ltr'><strong><em>περὶ</em></strong></span> <span class='ocrx_word' id='word_1_33' title='bbox 636 548 715 630; x_wconf 87' lang='grc' dir='ltr'><strong><em>τούς</em></strong></span> <span class='ocrx_word' id='word_1_34' title='bbox 734 553 865 620; x_wconf 75' lang='grc' dir='ltr'><strong><em>ἑαυτῶν</em></strong></span> <span class='ocrx_word' id='word_1_35' title='bbox 884 546 1011 635; x_wconf 80' lang='grc' dir='ltr'><strong><em>ἄνδρας</em></strong></span> 
     </span>
     <span class='ocr_line' id='line_1_6' title="bbox 47 647 1044 742; baseline 0 -22"><span class='ocrx_word' id='word_1_36' title='bbox 47 647 86 720; x_wconf 88' lang='grc' dir='ltr'><strong><em>ού</em></strong></span> <span class='ocrx_word' id='word_1_37' title='bbox 102 650 230 738; x_wconf 80' lang='grc' dir='ltr'><strong><em>μικρὰν</em></strong></span> <span class='ocrx_word' id='word_1_38' title='bbox 252 652 399 739; x_wconf 78' lang='grc' dir='ltr'><strong><em>οἰόμενοι</em></strong></span> <span class='ocrx_word' id='word_1_39' title='bbox 420 653 547 741; x_wconf 85' lang='grc' dir='ltr'><strong><em>ταύτην</em></strong></span> <span class='ocrx_word' id='word_1_40' title='bbox 566 660 705 723; x_wconf 72' lang='grc' dir='ltr'><strong><em>ἔσεσθαι</em></strong></span> <span class='ocrx_word' id='word_1_41' title='bbox 718 651 821 742; x_wconf 75' lang='grc' dir='ltr'><strong><em>τιμὴν</em></strong></span> <span class='ocrx_word' id='word_1_42' title='bbox 832 654 888 722; x_wconf 78' lang='grc' dir='ltr'><strong><em>καί</em></strong></span> <span class='ocrx_word' id='word_1_43' title='bbox 903 652 1009 739; x_wconf 80' lang='grc' dir='ltr'><strong><em>χάριν.</em></strong></span> <span class='ocrx_word' id='word_1_44' title='bbox 1026 667 1044 720; x_wconf 73' lang='grc' dir='ltr'><strong><em>δ</em></strong></span> 
     </span>
     <span class='ocr_line' id='line_1_7' title="bbox 47 745 1010 845; baseline 0.002 -23"><span class='ocrx_word' id='word_1_45' title='bbox 47 760 211 842; x_wconf 76' lang='grc' dir='ltr'><strong><em>παρίεμεν</em></strong></span> <span class='ocrx_word' id='word_1_46' title='bbox 231 745 296 823; x_wconf 82' lang='grc' dir='ltr'><strong><em>οὖν</em></strong></span> <span class='ocrx_word' id='word_1_47' title='bbox 315 752 430 836; x_wconf 80' lang='grc' dir='ltr'><strong><em>αύτοδς</em></strong></span> <span class='ocrx_word' id='word_1_48' title='bbox 450 754 513 845; x_wconf 82' lang='grc' dir='ltr'><strong><em>τὴν</em></strong></span> <span class='ocrx_word' id='word_1_49' title='bbox 532 751 706 844; x_wconf 81' lang='grc' dir='ltr'><strong><em>ἀμαρτόδα</em></strong></span> <span class='ocrx_word' id='word_1_50' title='bbox 726 755 852 845; x_wconf 85' lang='grc' dir='ltr'><strong><em>ταύτην</em></strong></span> <span class='ocrx_word' id='word_1_51' title='bbox 871 752 1010 844; x_wconf 77' lang='grc' dir='ltr'><strong><em>ἀζήμιον</em></strong></span> 
     </span>
     <span class='ocr_line' id='line_1_8' title="bbox 46 854 1008 948; baseline 0.002 -22"><span class='ocrx_word' id='word_1_52' title='bbox 46 859 100 926; x_wconf 81' lang='grc' dir='ltr'><strong><em>καὶ</em></strong></span> <span class='ocrx_word' id='word_1_53' title='bbox 113 854 195 926; x_wconf 81' lang='grc' dir='ltr'><strong><em>οὔτε</em></strong></span> <span class='ocrx_word' id='word_1_54' title='bbox 209 860 410 948; x_wconf 77' lang='grc' dir='ltr'><strong><em>ἐλευθερίαν</em></strong></span> <span class='ocrx_word' id='word_1_55' title='bbox 431 856 510 929; x_wconf 79' lang='grc' dir='ltr'><strong><em>οὔτε</em></strong></span> <span class='ocrx_word' id='word_1_56' title='bbox 528 863 647 947; x_wconf 74' lang='grc' dir='ltr'><strong><em>κτῆσιν</em></strong></span> <span class='ocrx_word' id='word_1_57' title='bbox 664 855 740 928; x_wconf 74' lang='grc' dir='ltr'><strong><em>οὔτ’</em></strong></span> <span class='ocrx_word' id='word_1_58' title='bbox 752 855 833 928; x_wconf 82' lang='grc' dir='ltr'><strong><em>ἀλλο</em></strong></span> <span class='ocrx_word' id='word_1_59' title='bbox 845 863 915 928; x_wconf 88' lang='grc' dir='ltr'><strong><em>τῶν</em></strong></span> <span class='ocrx_word' id='word_1_60' title='bbox 927 855 1008 946; x_wconf 87' lang='grc' dir='ltr'><strong><em>ἀγα-</em></strong></span> 
     </span>
     <span class='ocr_line' id='line_1_9' title="bbox 47 957 1010 1052; baseline 0 -23"><span class='ocrx_word' id='word_1_61' title='bbox 47 966 120 1029; x_wconf 87' lang='grc' dir='ltr'><strong><em>θῶν</em></strong></span> <span class='ocrx_word' id='word_1_62' title='bbox 134 957 239 1028; x_wconf 71' lang='grc' dir='ltr'><strong><em>οὐδὲν</em></strong></span> <span class='ocrx_word' id='word_1_63' title='bbox 252 959 331 1041; x_wconf 87' lang='grc' dir='ltr'><strong><em>τούς</em></strong></span> <span class='ocrx_word' id='word_1_64' title='bbox 343 967 481 1042; x_wconf 82' lang='grc' dir='ltr'><strong><em>πολίτας</em></strong></span> <span class='ocrx_word' id='word_1_65' title='bbox 493 958 590 1049; x_wconf 75' lang='grc' dir='ltr'><strong><em>ὑμῶν</em></strong></span> <span class='ocrx_word' id='word_1_66' title='bbox 603 958 851 1052; x_wconf 89' lang='grc' dir='ltr'><strong><em>ἀφαιρούμεθα.</em></strong></span> <span class='ocrx_word' id='word_1_67' title='bbox 870 963 1010 1049; x_wconf 78' lang='grc' dir='ltr'><strong><em>ἐφίεμεν</em></strong></span> 
     </span>
    </p>

    <p class='ocr_par' dir='ltr' id='par_1_3' title="bbox 20 1063 1134 3005">
     <span class='ocr_line' id='line_1_10' title="bbox 20 1063 1008 1153; baseline -0.003 -19"><span class='ocrx_word' id='word_1_68' title='bbox 20 1084 32 1134; x_wconf 89' lang='grc'>1</span> <span class='ocrx_word' id='word_1_69' title='bbox 49 1063 83 1131; x_wconf 78' lang='grc' dir='ltr'><strong><em>δέ</em></strong></span> <span class='ocrx_word' id='word_1_70' title='bbox 95 1077 170 1142; x_wconf 77' lang='grc' dir='ltr'><strong><em>τοῖς</em></strong></span> <span class='ocrx_word' id='word_1_71' title='bbox 188 1089 226 1131; x_wconf 89' lang='grc' dir='ltr'><strong><em>τε</em></strong></span> <span class='ocrx_word' id='word_1_72' title='bbox 245 1064 360 1151; x_wconf 88' lang='grc' dir='ltr'><strong><em>μένειν</em></strong></span> <span class='ocrx_word' id='word_1_73' title='bbox 375 1068 582 1153; x_wconf 75' lang='grc' dir='ltr'><strong><em>γλιχομένοις</em></strong></span> <span class='ocrx_word' id='word_1_74' title='bbox 598 1067 668 1134; x_wconf 80' lang='grc' dir='ltr'><strong><em>έκει</em></strong></span> <span class='ocrx_word' id='word_1_75' title='bbox 686 1066 743 1133; x_wconf 81' lang='grc' dir='ltr'><strong><em>καὶ</em></strong></span> <span class='ocrx_word' id='word_1_76' title='bbox 762 1078 831 1144; x_wconf 70' lang='grc' dir='ltr'><strong><em>τοῖς</em></strong></span> <span class='ocrx_word' id='word_1_77' title='bbox 853 1064 1008 1151; x_wconf 86' lang='grc' dir='ltr'><strong><em>μετενέγ-</em></strong></span> 
     </span>
     <span class='ocr_line' id='line_1_11' title="bbox 46 1164 1061 1256; baseline 0 -22"><span class='ocrx_word' id='word_1_78' title='bbox 46 1177 174 1234; x_wconf 83' lang='grc' dir='ltr'><strong><em>κασθαι</em></strong></span> <span class='ocrx_word' id='word_1_79' title='bbox 194 1169 411 1254; x_wconf 74' lang='grc' dir='ltr'><strong><em>βουλομένας</em></strong></span> <span class='ocrx_word' id='word_1_80' title='bbox 435 1167 495 1249; x_wconf 80' lang='grc' dir='ltr'><strong><em>πῶς</em></strong></span> <span class='ocrx_word' id='word_1_81' title='bbox 515 1165 662 1256; x_wconf 79' lang='grc' dir='ltr'><strong><em>οίκήσεις</em></strong></span> <span class='ocrx_word' id='word_1_82' title='bbox 686 1164 872 1238; x_wconf 85' lang='grc' dir='ltr'><strong><em>ἀκίνδυνόν</em></strong></span> <span class='ocrx_word' id='word_1_83' title='bbox 898 1193 934 1236; x_wconf 91' lang='grc' dir='ltr'><strong><em>τε</em></strong></span> <span class='ocrx_word' id='word_1_84' title='bbox 953 1166 1010 1234; x_wconf 80' lang='grc' dir='ltr'><strong><em>καί</em></strong></span> <span class='ocrx_word' id='word_1_85' title='bbox 1027 1181 1061 1234; x_wconf 84' lang='grc'><strong><em>10</em></strong></span> 
     </span>
     <span class='ocr_line' id='line_1_12' title="bbox 46 1265 1011 1360; baseline 0.001 -23"><span class='ocrx_word' id='word_1_86' title='bbox 46 1266 296 1357; x_wconf 86' lang='grc' dir='ltr'><strong><em>ἀμεταμέλητον</em></strong></span> <span class='ocrx_word' id='word_1_87' title='bbox 313 1267 375 1358; x_wconf 75' lang='grc' dir='ltr'><strong><em>τὴν</em></strong></span> <span class='ocrx_word' id='word_1_88' title='bbox 397 1276 538 1356; x_wconf 77' lang='grc' dir='ltr'><strong><em>αἵρεσιν.</em></strong></span> <span class='ocrx_word' id='word_1_89' title='bbox 565 1271 678 1340; x_wconf 77' lang='grc' dir='ltr'><strong><em>τοῦδέ</em></strong></span> <span class='ocrx_word' id='word_1_90' title='bbox 698 1270 804 1360; x_wconf 69' lang='grc' dir='ltr'><strong><em>μηδὲν</em></strong></span> <span class='ocrx_word' id='word_1_91' title='bbox 818 1278 866 1342; x_wconf 79' lang='grc' dir='ltr'><strong><em>ότι</em></strong></span> <span class='ocrx_word' id='word_1_92' title='bbox 887 1265 1011 1350; x_wconf 84' lang='grc' dir='ltr'><strong><em>αύτούς</em></strong></span> 
     </span>
     <span class='ocr_line' id='line_1_13' title="bbox 46 1369 1134 1464; baseline -0.001 -23"><span class='ocrx_word' id='word_1_93' title='bbox 46 1375 286 1461; x_wconf 69' lang='grc' dir='ltr'><strong><em>ἐπεξαμαρτεῖν</em></strong></span> <span class='ocrx_word' id='word_1_94' title='bbox 299 1369 378 1460; x_wconf 86' lang='grc' dir='ltr'><strong><em>μηδ’</em></strong></span> <span class='ocrx_word' id='word_1_95' title='bbox 389 1369 575 1464; x_wconf 75' lang='grc' dir='ltr'><strong><em>εὑρεθῆναί</em></strong></span> <span class='ocrx_word' id='word_1_96' title='bbox 586 1399 619 1442; x_wconf 87' lang='grc' dir='ltr'><strong><em>τι</em></strong></span> <span class='ocrx_word' id='word_1_97' title='bbox 633 1379 759 1463; x_wconf 79' lang='grc' dir='ltr'><strong><em>χρῆμα,</em></strong></span> <span class='ocrx_word' id='word_1_98' title='bbox 773 1369 793 1443; x_wconf 78' lang='grc' dir='ltr'>ὃ</span> <span class='ocrx_word' id='word_1_99' title='bbox 805 1371 936 1461; x_wconf 80' lang='grc' dir='ltr'><strong><em>ποιήσει</em></strong></span> <span class='ocrx_word' id='word_1_100' title='bbox 952 1370 1011 1452; x_wconf 80' lang='grc' dir='ltr'><strong><em>πῶς</em></strong></span> <span class='ocrx_word' id='word_1_101' title='bbox 1130 1373 1134 1382; x_wconf 85' lang='grc'><strong>’</strong></span> 
     </span>
     <span class='ocr_line' id='line_1_14' title="bbox 48 1472 1011 1566; baseline 0.001 -24"><span class='ocrx_word' id='word_1_102' title='bbox 48 1475 159 1554; x_wconf 85' lang='grc' dir='ltr'><strong><em>πόλεις</em></strong></span> <span class='ocrx_word' id='word_1_103' title='bbox 175 1473 475 1566; x_wconf 72' lang='grc' dir='ltr'><strong><em>διαλύσασθαιτὴν</em></strong></span> <span class='ocrx_word' id='word_1_104' title='bbox 488 1475 571 1564; x_wconf 83' lang='grc' dir='ltr'><strong><em>πρὸς</em></strong></span> <span class='ocrx_word' id='word_1_105' title='bbox 585 1472 670 1565; x_wconf 78' lang='grc' dir='ltr'><strong><em>ἡμᾶς</em></strong></span> <span class='ocrx_word' id='word_1_106' title='bbox 682 1483 817 1564; x_wconf 83' lang='grc' dir='ltr'><strong><em>φιλίαν,</em></strong></span> <span class='ocrx_word' id='word_1_107' title='bbox 831 1476 1011 1563; x_wconf 80' lang='grc' dir='ltr'><strong><em>φάρμακον</em></strong></span> 
     </span>
     <span class='ocr_line' id='line_1_15' title="bbox 48 1573 1012 1666; baseline -0.001 -20"><span class='ocrx_word' id='word_1_108' title='bbox 48 1573 223 1666; x_wconf 75' lang='grc' dir='ltr'><strong><em>ἡγούμεθα</em></strong></span> <span class='ocrx_word' id='word_1_109' title='bbox 242 1577 421 1665; x_wconf 76' lang='grc' dir='ltr'><strong><em>κράτιστον</em></strong></span> <span class='ocrx_word' id='word_1_110' title='bbox 435 1578 619 1666; x_wconf 80' lang='grc' dir='ltr'><strong><em>εἶναιπρὸς</em></strong></span> <span class='ocrx_word' id='word_1_111' title='bbox 639 1576 795 1662; x_wconf 77' lang='grc' dir='ltr'><strong><em>εὐδοξίαν</em></strong></span> <span class='ocrx_word' id='word_1_112' title='bbox 810 1603 845 1647; x_wconf 87' lang='grc' dir='ltr'><strong><em>τε</em></strong></span> <span class='ocrx_word' id='word_1_113' title='bbox 859 1575 1012 1662; x_wconf 82' lang='grc' dir='ltr'><strong><em>καὶπρὸς</em></strong></span> 
     </span>
     <span class='ocr_line' id='line_1_16' title="bbox 50 1677 1062 1772; baseline 0.001 -25"><span class='ocrx_word' id='word_1_114' title='bbox 50 1677 292 1768; x_wconf 79' lang='grc' dir='ltr'><strong><em>ἀσφάλειαν-τό</em></strong></span> <span class='ocrx_word' id='word_1_115' title='bbox 306 1677 389 1753; x_wconf 86' lang='grc' dir='ltr'><strong><em>αύτό</em></strong></span> <span class='ocrx_word' id='word_1_116' title='bbox 402 1682 564 1772; x_wconf 82' lang='grc' dir='ltr'><strong><em>χρήσιμον</em></strong></span> <span class='ocrx_word' id='word_1_117' title='bbox 575 1680 792 1770; x_wconf 83' lang='grc' dir='ltr'><strong><em>ἀμφοτέροις,</em></strong></span> <span class='ocrx_word' id='word_1_118' title='bbox 812 1685 843 1750; x_wconf 90' lang='grc' dir='ltr'><strong><em>εί</em></strong></span> <span class='ocrx_word' id='word_1_119' title='bbox 854 1679 1008 1768; x_wconf 83' lang='grc' dir='ltr'><strong><em>ποιήσαι·</em></strong></span> <span class='ocrx_word' id='word_1_120' title='bbox 1030 1693 1062 1748; x_wconf 71' lang='lat'><strong><em>15</em></strong></span> 
     </span>
     <span class='ocr_line' id='line_1_17' title="bbox 46 1780 1012 1875; baseline -0.002 -23"><span class='ocrx_word' id='word_1_121' title='bbox 46 1811 106 1869; x_wconf 89' lang='grc' dir='ltr'><strong><em>μεν</em></strong></span> <span class='ocrx_word' id='word_1_122' title='bbox 122 1780 284 1863; x_wconf 75' lang='grc' dir='ltr'><strong><em>ἀποικίας</em></strong></span> <span class='ocrx_word' id='word_1_123' title='bbox 309 1789 368 1874; x_wconf 79' lang='grc' dir='ltr'><strong><em>τῆς</em></strong></span> <span class='ocrx_word' id='word_1_124' title='bbox 388 1782 512 1875; x_wconf 88' lang='grc' dir='ltr'><strong><em>Ῥῶμης</em></strong></span> <span class='ocrx_word' id='word_1_125' title='bbox 533 1784 592 1866; x_wconf 80' lang='grc' dir='ltr'><strong><em>τὰς</em></strong></span> <span class='ocrx_word' id='word_1_126' title='bbox 611 1785 724 1864; x_wconf 87' lang='grc' dir='ltr'><strong><em>πόλεις</em></strong></span> <span class='ocrx_word' id='word_1_127' title='bbox 750 1784 805 1854; x_wconf 81' lang='grc' dir='ltr'><strong><em>καί</em></strong></span> <span class='ocrx_word' id='word_1_128' title='bbox 831 1789 1012 1861; x_wconf 83' lang='grc' dir='ltr'><strong><em>συνοίκους</em></strong></span> 
     </span>
     <span class='ocr_line' id='line_1_18' title="bbox 48 1876 1011 1976; baseline 0 -23"><span class='ocrx_word' id='word_1_129' title='bbox 48 1882 165 1965; x_wconf 81' lang='grc' dir='ltr'><strong><em>αύτατς</em></strong></span> <span class='ocrx_word' id='word_1_130' title='bbox 183 1887 376 1976; x_wconf 80' lang='grc' dir='ltr'><strong><em>πέμψαιμεν</em></strong></span> <span class='ocrx_word' id='word_1_131' title='bbox 396 1885 545 1969; x_wconf 79' lang='grc' dir='ltr'><strong><em>αὐτόθεν</em></strong></span> <span class='ocrx_word' id='word_1_132' title='bbox 564 1887 643 1969; x_wconf 88' lang='grc' dir='ltr'><strong><em>τούς</em></strong></span> <span class='ocrx_word' id='word_1_133' title='bbox 658 1888 804 1967; x_wconf 88' lang='grc' dir='ltr'><strong><em>ίκανούς.</em></strong></span> <span class='ocrx_word' id='word_1_134' title='bbox 832 1883 929 1957; x_wconf 78' lang='grc' dir='ltr'><strong><em>ἄπιτε</em></strong></span> <span class='ocrx_word' id='word_1_135' title='bbox 947 1876 1011 1956; x_wconf 83' lang='grc' dir='ltr'><strong><em>οὖν</em></strong></span> 
     </span>
     <span class='ocr_line' id='line_1_19' title="bbox 47 1985 1011 2080; baseline -0.001 -23"><span class='ocrx_word' id='word_1_136' title='bbox 47 1986 183 2078; x_wconf 77' lang='grc' dir='ltr'><strong><em>ἀγαθὴν</em></strong></span> <span class='ocrx_word' id='word_1_137' title='bbox 206 1994 342 2076; x_wconf 77' lang='grc' dir='ltr'><strong><em>ἔχουσαι</em></strong></span> <span class='ocrx_word' id='word_1_138' title='bbox 357 1990 514 2062; x_wconf 84' lang='grc' dir='ltr'><strong><em>διύνοιαν</em></strong></span> <span class='ocrx_word' id='word_1_139' title='bbox 531 1994 589 2062; x_wconf 80' lang='grc' dir='ltr'><strong><em>καί</em></strong></span> <span class='ocrx_word' id='word_1_140' title='bbox 610 1998 793 2071; x_wconf 84' lang='grc' dir='ltr'><strong><em>διπλασίως</em></strong></span> <span class='ocrx_word' id='word_1_141' title='bbox 812 1985 1011 2080; x_wconf 78' lang='grc' dir='ltr'><strong><em>ἢπρότερον</em></strong></span> 
     </span>
     <span class='ocr_line' id='line_1_20' title="bbox 46 2084 1114 2183; baseline 0.007 -24"><span class='ocrx_word' id='word_1_142' title='bbox 46 2089 236 2176; x_wconf 76' lang='grc' dir='ltr'><strong><em>ἀσπάζεσθε</em></strong></span> <span class='ocrx_word' id='word_1_143' title='bbox 250 2094 306 2161; x_wconf 81' lang='grc' dir='ltr'><strong><em>καὶ</em></strong></span> <span class='ocrx_word' id='word_1_144' title='bbox 318 2098 433 2182; x_wconf 82' lang='grc' dir='ltr'><strong><em>τιμᾶτε</em></strong></span> <span class='ocrx_word' id='word_1_145' title='bbox 451 2093 530 2175; x_wconf 86' lang='grc' dir='ltr'><strong><em>τούς</em></strong></span> <span class='ocrx_word' id='word_1_146' title='bbox 541 2092 686 2183; x_wconf 81' lang='grc' dir='ltr'><strong><em>ἀνδρας,</em></strong></span> <span class='ocrx_word' id='word_1_147' title='bbox 708 2090 768 2181; x_wconf 75' lang='grc' dir='ltr'><strong><em>ὑφ’</em></strong></span> <span class='ocrx_word' id='word_1_148' title='bbox 785 2084 834 2163; x_wconf 88' lang='grc' dir='ltr'><strong><em>ῶν</em></strong></span> <span class='ocrx_word' id='word_1_149' title='bbox 847 2107 958 2181; x_wconf 79' lang='grc' dir='ltr'><strong><em>γονεῖς</em></strong></span> <span class='ocrx_word' id='word_1_150' title='bbox 974 2118 1010 2161; x_wconf 86' lang='grc' dir='ltr'><strong><em>τε</em></strong></span> <span class='ocrx_word' id='word_1_151' title='bbox 1112 2162 1114 2166; x_wconf 81' lang='grc'>,</span> 
     </span>
     <span class='ocr_line' id='line_1_21' title="bbox 46 2191 1063 2286; baseline 0 -24"><span class='ocrx_word' id='word_1_152' title='bbox 46 2191 141 2283; x_wconf 77' lang='grc' dir='ltr'><strong><em>ὑμῶν</em></strong></span> <span class='ocrx_word' id='word_1_153' title='bbox 157 2195 343 2283; x_wconf 81' lang='grc' dir='ltr'><strong><em>έσῶθησαν</em></strong></span> <span class='ocrx_word' id='word_1_154' title='bbox 353 2198 410 2265; x_wconf 83' lang='grc' dir='ltr'><strong><em>καὶ</em></strong></span> <span class='ocrx_word' id='word_1_155' title='bbox 429 2194 571 2285; x_wconf 78' lang='grc' dir='ltr'><strong><em>ἀδελφοί</em></strong></span> <span class='ocrx_word' id='word_1_156' title='bbox 583 2200 640 2267; x_wconf 82' lang='grc' dir='ltr'><strong><em>καὶ</em></strong></span> <span class='ocrx_word' id='word_1_157' title='bbox 654 2203 812 2286; x_wconf 83' lang='grc' dir='ltr'><strong><em>πατρίδες</em></strong></span> <span class='ocrx_word' id='word_1_158' title='bbox 832 2192 1010 2282; x_wconf 74' lang='grc' dir='ltr'><strong><em>ἐλεύθεραι</em></strong></span> <span class='ocrx_word' id='word_1_159' title='bbox 1028 2210 1063 2263; x_wconf 79' lang='lat'><strong><em>20</em></strong></span> 
     </span>
     <span class='ocr_line' id='line_1_22' title="bbox 46 2294 1021 2401; baseline -0.001 -35"><span class='ocrx_word' id='word_1_160' title='bbox 46 2295 216 2385; x_wconf 85' lang='grc' dir='ltr'><strong><em>ἀφίενται.</em></strong></span> <span class='ocrx_word' id='word_1_161' title='bbox 260 2302 298 2367; x_wconf 88' lang='grc' dir='ltr'><strong><em>αί</em></strong></span> <span class='ocrx_word' id='word_1_162' title='bbox 320 2300 383 2386; x_wconf 72' lang='grc' dir='ltr'><strong><em>μὲν</em></strong></span> <span class='ocrx_word' id='word_1_163' title='bbox 410 2299 452 2389; x_wconf 76' lang='grc' dir='ltr'><strong><em>δὴ</em></strong></span> <span class='ocrx_word' id='word_1_164' title='bbox 478 2317 637 2388; x_wconf 70' lang='grc' dir='ltr'><strong><em>γυναίκες</em></strong></span> <span class='ocrx_word' id='word_1_165' title='bbox 670 2296 715 2401; x_wconf 65' lang='grc' dir='ltr'><strong><em>ῶς</em></strong></span> <span class='ocrx_word' id='word_1_166' title='bbox 744 2294 840 2369; x_wconf 81' lang='grc' dir='ltr'><strong><em>ταῦτ’</em></strong></span> <span class='ocrx_word' id='word_1_167' title='bbox 860 2296 1021 2385; x_wconf 81' lang='grc' dir='ltr'><strong><em>ἤκουσαν</em></strong></span> 
     </span>
     <span class='ocr_line' id='line_1_23' title="bbox 46 2396 1012 2489; baseline 0 -20"><span class='ocrx_word' id='word_1_168' title='bbox 46 2415 239 2488; x_wconf 74' lang='grc' dir='ltr'><strong><em>περιχαρεῖς</em></strong></span> <span class='ocrx_word' id='word_1_169' title='bbox 259 2402 436 2489; x_wconf 86' lang='grc' dir='ltr'><strong><em>γενόμεναι</em></strong></span> <span class='ocrx_word' id='word_1_170' title='bbox 456 2406 513 2475; x_wconf 73' lang='grc' dir='ltr'><strong><em>καί</em></strong></span> <span class='ocrx_word' id='word_1_171' title='bbox 533 2402 639 2474; x_wconf 76' lang='grc' dir='ltr'><strong><em>πολλοὶ</em></strong></span> <span class='ocrx_word' id='word_1_172' title='bbox 660 2402 790 2489; x_wconf 74' lang='grc' dir='ltr'><strong><em>δάκρυα</em></strong></span> <span class='ocrx_word' id='word_1_173' title='bbox 807 2396 870 2487; x_wconf 77' lang='grc' dir='ltr'><strong><em>ὑφ’</em></strong></span> <span class='ocrx_word' id='word_1_174' title='bbox 887 2396 1012 2488; x_wconf 79' lang='grc' dir='ltr'><strong><em>ἡδονῆς</em></strong></span> 
     </span>
     <span class='ocr_line' id='line_1_24' title="bbox 46 2490 1012 2594; baseline -0.001 -22"><span class='ocrx_word' id='word_1_175' title='bbox 46 2502 184 2590; x_wconf 76' lang='grc' dir='ltr'><strong><em>ἀφεῖσαι</em></strong></span> <span class='ocrx_word' id='word_1_176' title='bbox 209 2490 415 2594; x_wconf 71' lang='grc' dir='ltr'><strong><em>μετέστησαν</em></strong></span> <span class='ocrx_word' id='word_1_177' title='bbox 436 2509 473 2575; x_wconf 85' lang='grc' dir='ltr'><strong><em>έκ</em></strong></span> <span class='ocrx_word' id='word_1_178' title='bbox 494 2510 552 2593; x_wconf 78' lang='grc' dir='ltr'><strong><em>τῆς</em></strong></span> <span class='ocrx_word' id='word_1_179' title='bbox 572 2504 715 2594; x_wconf 81' lang='grc' dir='ltr'><strong><em>ἀγορᾶς,</em></strong></span> <span class='ocrx_word' id='word_1_180' title='bbox 741 2500 760 2574; x_wconf 85' lang='grc' dir='ltr'>ὁ</span> <span class='ocrx_word' id='word_1_181' title='bbox 789 2503 826 2573; x_wconf 72' lang='grc' dir='ltr'><strong><em>δέ</em></strong></span> <span class='ocrx_word' id='word_1_182' title='bbox 847 2498 1012 2590; x_wconf 86' lang='grc' dir='ltr'><strong><em>Ῥωμύλος</em></strong></span> 
     </span>
     <span class='ocr_line' id='line_1_25' title="bbox 45 2604 1009 2696; baseline 0.002 -23"><span class='ocrx_word' id='word_1_183' title='bbox 45 2613 261 2695; x_wconf 87' lang='grc' dir='ltr'><strong><em>τριακοσίους</em></strong></span> <span class='ocrx_word' id='word_1_184' title='bbox 280 2605 343 2693; x_wconf 71' lang='grc' dir='ltr'><strong><em>μὲν</em></strong></span> <span class='ocrx_word' id='word_1_185' title='bbox 365 2605 492 2696; x_wconf 83' lang='grc' dir='ltr'><strong><em>ἄνδρας</em></strong></span> <span class='ocrx_word' id='word_1_186' title='bbox 513 2614 560 2688; x_wconf 83' lang='grc' dir='ltr'><strong><em>είς</em></strong></span> <span class='ocrx_word' id='word_1_187' title='bbox 587 2611 747 2695; x_wconf 83' lang='grc' dir='ltr'><strong><em>ἑκατέραν</em></strong></span> <span class='ocrx_word' id='word_1_188' title='bbox 762 2604 925 2685; x_wconf 75' lang='grc' dir='ltr'><strong><em>ἀποίκους</em></strong></span> <span class='ocrx_word' id='word_1_189' title='bbox 937 2604 1009 2675; x_wconf 84' lang='grc' dir='ltr'><strong><em>-ἀπ-</em></strong></span> 
     </span>
     <span class='ocr_line' id='line_1_26' title="bbox 46 2705 1062 2799; baseline 0.002 -22"><span class='ocrx_word' id='word_1_190' title='bbox 46 2712 213 2794; x_wconf 74' lang='grc' dir='ltr'><strong><em>ἔστειλεν,</em></strong></span> <span class='ocrx_word' id='word_1_191' title='bbox 237 2705 291 2788; x_wconf 86' lang='grc' dir='ltr'><strong><em>οίς</em></strong></span> <span class='ocrx_word' id='word_1_192' title='bbox 311 2714 436 2780; x_wconf 89' lang='grc' dir='ltr'><strong><em>έδοσαν</em></strong></span> <span class='ocrx_word' id='word_1_193' title='bbox 457 2718 495 2780; x_wconf 91' lang='grc' dir='ltr'><strong><em>αί</em></strong></span> <span class='ocrx_word' id='word_1_194' title='bbox 513 2711 627 2791; x_wconf 85' lang='grc' dir='ltr'><strong><em>πόλεις</em></strong></span> <span class='ocrx_word' id='word_1_195' title='bbox 644 2720 760 2799; x_wconf 87' lang='grc' dir='ltr'><strong><em>τρίτην</em></strong></span> <span class='ocrx_word' id='word_1_196' title='bbox 781 2718 1009 2798; x_wconf 86' lang='grc' dir='ltr'><strong><em>κατακληρον-</em></strong></span> <span class='ocrx_word' id='word_1_197' title='bbox 1029 2728 1062 2779; x_wconf 71' lang='grc' dir='ltr'><strong><em>κθ</em></strong></span> 
     </span>
     <span class='ocr_line' id='line_1_27' title="bbox 46 2812 1013 2903; baseline 0 -24"><span class='ocrx_word' id='word_1_198' title='bbox 46 2816 143 2899; x_wconf 80' lang='grc' dir='ltr'><strong><em>χησαι</em></strong></span> <span class='ocrx_word' id='word_1_199' title='bbox 168 2825 293 2900; x_wconf 73' lang='grc' dir='ltr'><strong><em>μοῖραν</em></strong></span> <span class='ocrx_word' id='word_1_200' title='bbox 312 2818 370 2899; x_wconf 80' lang='grc' dir='ltr'><strong><em>τῆς</em></strong></span> <span class='ocrx_word' id='word_1_201' title='bbox 393 2816 523 2883; x_wconf 83' lang='grc' dir='ltr'><strong><em>ἑαυτῶν</em></strong></span> <span class='ocrx_word' id='word_1_202' title='bbox 544 2819 613 2903; x_wconf 79' lang='grc' dir='ltr'><strong><em>γῆς</em></strong></span> <span class='ocrx_word' id='word_1_203' title='bbox 655 2818 864 2885; x_wconf 73' lang='grc' dir='ltr'><strong><em>Καινινιτῶν</em></strong></span> <span class='ocrx_word' id='word_1_204' title='bbox 891 2812 928 2882; x_wconf 77' lang='grc' dir='ltr'><strong><em>δέ</em></strong></span> <span class='ocrx_word' id='word_1_205' title='bbox 956 2812 1013 2881; x_wconf 80' lang='grc' dir='ltr'><strong><em>καί</em></strong></span> 
     </span>
     <span class='ocr_line' id='line_1_28' title="bbox 44 2910 1010 3005; baseline 0 -24"><span class='ocrx_word' id='word_1_206' title='bbox 44 2910 276 3002; x_wconf 78' lang='grc' dir='ltr'><strong><em>Ἀντεμνατῶν</em></strong></span> <span class='ocrx_word' id='word_1_207' title='bbox 288 2913 366 2995; x_wconf 80' lang='grc' dir='ltr'><strong><em>τούς</em></strong></span> <span class='ocrx_word' id='word_1_208' title='bbox 382 2919 609 3005; x_wconf 75' lang='grc' dir='ltr'><strong><em>βουλομένους</em></strong></span> <span class='ocrx_word' id='word_1_209' title='bbox 621 2920 831 3005; x_wconf 84' lang='grc' dir='ltr'><strong><em>μεταθέσθαι</em></strong></span> <span class='ocrx_word' id='word_1_210' title='bbox 845 2913 906 3004; x_wconf 76' lang='grc' dir='ltr'><strong><em>τὴν</em></strong></span> <span class='ocrx_word' id='word_1_211' title='bbox 920 2925 1010 3000; x_wconf 73' lang='grc' dir='ltr'><strong><em>οἰκη-</em></strong></span> 
     </span>
    </p>

    <p class='ocr_par' dir='ltr' id='par_1_4' title="bbox 20 3013 1064 3311">
     <span class='ocr_line' id='line_1_29' title="bbox 20 3013 1012 3107; baseline 0.001 -26"><span class='ocrx_word' id='word_1_212' title='bbox 20 3032 100 3087; x_wconf 70' lang='grc' dir='ltr'><strong><em>λσιν</em></strong></span> <span class='ocrx_word' id='word_1_213' title='bbox 123 3024 172 3097; x_wconf 86' lang='grc' dir='ltr'><strong><em>είς</em></strong></span> <span class='ocrx_word' id='word_1_214' title='bbox 187 3013 315 3105; x_wconf 85' lang='grc' dir='ltr'><strong><em>Ῥῶμην</em></strong></span> <span class='ocrx_word' id='word_1_215' title='bbox 335 3022 490 3105; x_wconf 83' lang='grc' dir='ltr'><strong><em>γυναιξίν</em></strong></span> <span class='ocrx_word' id='word_1_216' title='bbox 510 3017 579 3107; x_wconf 76' lang='grc' dir='ltr'><strong><em>ἅμα</em></strong></span> <span class='ocrx_word' id='word_1_217' title='bbox 598 3022 654 3089; x_wconf 81' lang='grc' dir='ltr'><strong><em>καὶ</em></strong></span> <span class='ocrx_word' id='word_1_218' title='bbox 673 3022 803 3099; x_wconf 82' lang='grc' dir='ltr'><strong><em>τέκνοις</em></strong></span> <span class='ocrx_word' id='word_1_219' title='bbox 824 3016 1012 3107; x_wconf 78' lang='grc' dir='ltr'><strong><em>μετήγαγον</em></strong></span> 
     </span>
     <span class='ocr_line' id='line_1_30' title="bbox 46 3118 1011 3211; baseline -0.005 -22"><span class='ocrx_word' id='word_1_220' title='bbox 46 3119 194 3208; x_wconf 78' lang='grc' dir='ltr'><strong><em>κλήρους</em></strong></span> <span class='ocrx_word' id='word_1_221' title='bbox 213 3147 250 3189; x_wconf 89' lang='grc' dir='ltr'><strong><em>τε</em></strong></span> <span class='ocrx_word' id='word_1_222' title='bbox 270 3118 348 3200; x_wconf 83' lang='grc' dir='ltr'><strong><em>τούς</em></strong></span> <span class='ocrx_word' id='word_1_223' title='bbox 368 3124 497 3191; x_wconf 80' lang='grc' dir='ltr'><strong><em>ἑαυτῶν</em></strong></span> <span class='ocrx_word' id='word_1_224' title='bbox 516 3130 651 3210; x_wconf 76' lang='grc' dir='ltr'><strong><em>ἔχοντας</em></strong></span> <span class='ocrx_word' id='word_1_225' title='bbox 670 3124 727 3191; x_wconf 86' lang='grc' dir='ltr'><strong><em>καὶ</em></strong></span> <span class='ocrx_word' id='word_1_226' title='bbox 744 3122 893 3211; x_wconf 81' lang='grc' dir='ltr'><strong><em>χρήματα</em></strong></span> <span class='ocrx_word' id='word_1_227' title='bbox 909 3144 1011 3205; x_wconf 88' lang='grc' dir='ltr'><strong><em>φερο-</em></strong></span> 
     </span>
     <span class='ocr_line' id='line_1_31' title="bbox 46 3219 1064 3311; baseline 0.001 -19"><span class='ocrx_word' id='word_1_228' title='bbox 46 3225 170 3309; x_wconf 81' lang='grc' dir='ltr'><strong><em>μένους</em></strong></span> <span class='ocrx_word' id='word_1_229' title='bbox 183 3219 246 3293; x_wconf 80' lang='grc' dir='ltr'><strong><em>όσα</em></strong></span> <span class='ocrx_word' id='word_1_230' title='bbox 261 3224 454 3311; x_wconf 77' lang='grc' dir='ltr'><strong><em>ἐκέκτηντο,</em></strong></span> <span class='ocrx_word' id='word_1_231' title='bbox 469 3222 528 3305; x_wconf 82' lang='grc' dir='ltr'><strong><em>ούς</em></strong></span> <span class='ocrx_word' id='word_1_232' title='bbox 540 3222 649 3305; x_wconf 83' lang='grc' dir='ltr'><strong><em>εύθύς</em></strong></span> <span class='ocrx_word' id='word_1_233' title='bbox 664 3231 711 3304; x_wconf 85' lang='grc' dir='ltr'><strong><em>είς</em></strong></span> <span class='ocrx_word' id='word_1_234' title='bbox 726 3223 836 3311; x_wconf 74' lang='grc' dir='ltr'><strong><em>φυλὰς</em></strong></span> <span class='ocrx_word' id='word_1_235' title='bbox 851 3221 907 3290; x_wconf 83' lang='grc' dir='ltr'><strong><em>καί</em></strong></span> <span class='ocrx_word' id='word_1_236' title='bbox 924 3219 1010 3307; x_wconf 84' lang='grc' dir='ltr'><strong><em>φρύ-</em></strong></span> <span class='ocrx_word' id='word_1_237' title='bbox 1029 3240 1064 3293; x_wconf 80' lang='lat'><strong><em>30</em></strong></span> 
     </span>
    </p>
   </div>
   <div class='ocr_carea' id='block_1_3' title="bbox 44 3320 1101 3519">
    <p class='ocr_par' dir='ltr' id='par_1_5' title="bbox 44 3320 1101 3519">
     <span class='ocr_line' id='line_1_32' title="bbox 44 3320 1101 3417; baseline -0.023 -5"><span class='ocrx_word' id='word_1_238' title='bbox 44 3353 125 3413; x_wconf 58' lang='grc' dir='ltr'><strong><em>ἴδας</em></strong></span> <span class='ocrx_word' id='word_1_239' title='bbox 138 3321 159 3395; x_wconf 69' lang='grc' dir='ltr'><strong>ὅ</strong></span> <span class='ocrx_word' id='word_1_240' title='bbox 171 3324 332 3415; x_wconf 60' lang='grc' dir='ltr'><strong><em>βασιλεύς</em></strong></span> <span class='ocrx_word' id='word_1_241' title='bbox 347 3331 555 3416; x_wconf 76' lang='grc' dir='ltr'><strong><em>κατέγραφε,</em></strong></span> <span class='ocrx_word' id='word_1_242' title='bbox 573 3332 767 3417; x_wconf 85' lang='grc' dir='ltr'><strong><em>τρισχιλίων</em></strong></span> <span class='ocrx_word' id='word_1_243' title='bbox 779 3322 842 3394; x_wconf 78' lang='grc' dir='ltr'><strong><em>οὐκ</em></strong></span> <span class='ocrx_word' id='word_1_244' title='bbox 856 3320 1012 3403; x_wconf 85' lang='grc' dir='ltr'><strong><em>έλάττους</em></strong></span> <span class='ocrx_word' id='word_1_245' title='bbox 1097 3364 1101 3379; x_wconf 55' lang='grc' dir='ltr'><strong><em>ι</em></strong></span> 
     </span>
     <span class='ocr_line' id='line_1_33' title="bbox 45 3422 1013 3519; baseline -0.006 -21"><span class='ocrx_word' id='word_1_246' title='bbox 45 3425 164 3515; x_wconf 76' lang='grc' dir='ltr'><strong><em>ὄντας,</em></strong></span> <span class='ocrx_word' id='word_1_247' title='bbox 192 3426 279 3499; x_wconf 88' lang='grc' dir='ltr'><strong><em>ῶστε</em></strong></span> <span class='ocrx_word' id='word_1_248' title='bbox 303 3428 383 3513; x_wconf 86' lang='grc' dir='ltr'><strong><em>τούς</em></strong></span> <span class='ocrx_word' id='word_1_249' title='bbox 407 3431 603 3519; x_wconf 84' lang='grc' dir='ltr'><strong><em>σύμπαντας</em></strong></span> <span class='ocrx_word' id='word_1_250' title='bbox 630 3432 868 3514; x_wconf 77' lang='grc' dir='ltr'><strong><em>ἔξαιιισχιλίονς</em></strong></span> <span class='ocrx_word' id='word_1_251' title='bbox 895 3422 1013 3507; x_wconf 73' lang='grc' dir='ltr'><strong><em>πεζούς</em></strong></span> 
     </span>
    </p>
   </div>
   <div class='ocr_carea' id='block_1_4' title="bbox 0 0 1188 3850">
    <p class='ocr_par' dir='ltr' id='par_1_6' title="bbox 0 0 1188 3850">
     <span class='ocr_line' id='line_1_34' title="bbox 0 0 1188 3850; baseline 0 0"><span class='ocrx_word' id='word_1_252' title='bbox 0 0 1188 3850; x_wconf 95' lang='lat' dir='ltr'><strong><em> </em></strong></span> 
     </span>
    </p>
   </div>
  </div>
 </body>
</html>
