2367 3850
311 135 643 272 ff-rv-
859 187 1008 252 ,τοι

41 354 119 420 τοῖν
137 353 320 440 Ῥυρρηνῦν
335 351 462 438 ἐγένετο
476 351 531 422 καὶ
544 347 653 440 ’τροπὴ
665 351 727 418 τοῦ
745 350 857 431 δεξιοῦ
870 347 1010 437 κέρατος

42 452 222 542 παντελής.
271 452 455 540 Ταρκύνιος
478 454 516 524 δέ
543 469 613 533 τοῖς
638 449 778 542 ἡγεμόσι
804 457 873 520 τῶν
899 456 987 536 uec*

43 555 253 624 ἀκολουθεῖν
267 555 427 636 κελεύσας
441 560 479 626 έν
498 555 612 648 κόσμηε
630 558 687 624 καὶ
701 554 812 644 βάδην
832 551 931 634 αῦτός
951 556 1008 624 έπδ

42 656 82 727 τό
111 657 337 746 στρατόπεδον
363 658 480 746 έχω’ρει
505 656 544 740 τό
567 663 636 728 τῶν
657 665 827 746 πολεμίων
854 655 1009 726 ἐλαύνων

42 758 127 840 τούς
149 767 271 840 ἵππους
295 757 360 830 ἀνά
390 762 528 850 κράτος,
563 760 700 850 φθάσας
726 759 764 829 δέ
785 757 864 839 τούς
887 763 926 828 ἐκ
950 762 1042 846 τηςο

42 867 173 950 τροπῆς
190 857 455 951 ἀναπωξομένοις
472 861 633 954 ἐγκρατὴς
650 870 779 950 γίνεται
790 868 852 931 τοῦ
865 861 1009 950 χάρακος

44 961 159 1044 εὐθύς
178 968 212 1046 έξ
230 963 365 1053 ἐφόδου.
404 970 441 1036 οί
458 964 523 1055 γὰρ
548 969 586 1036 έν
604 963 698 1060 αύτῷ
726 966 1009 1052 καταλειφθέντες

47 1065 131 1136 οῦτε
158 1064 219 1153 τὴν
244 1075 475 1154 κατασχοῦσαν
501 1067 579 1150 τούς
609 1071 793 1156 σφετέρους
828 1064 1009 1154 συμφοράν

10 1183 31 1236 ίσ
48 1169 300 1256 προεγνωκότες
319 1167 396 1240 οὔτε
409 1169 487 1251 τούς
501 1170 700 1260 προσιόντας
719 1175 832 1249 ίτιπεῑς
844 1176 1008 1258 γνωρίσαι

45 1269 106 1340 διὰ
118 1269 158 1340 τό
172 1277 342 1358 αἰφνίδιον
356 1277 414 1361 τῆς
433 1271 559 1360 ἐφόδου
580 1275 786 1361 δυνηθέντες
806 1282 923 1341 είασαν
943 1266 1005 1340 αύ-
1026 1289 1059 1340 10

46 1373 127 1452 τούς
155 1382 345 1460 παρελδείν.
386 1371 529 1464 ἀλούσης
555 1376 592 1444 δὲ
618 1380 677 1464 τῆς
700 1379 914 1462 παρασκευῆς
939 1377 1008 1442 τῶν

45 1481 206 1544 Λατίνων
233 1481 271 1544 ,οί
292 1476 355 1564 μέν
380 1474 633 1566 ἀναχωροῦντες
665 1480 703 1546 ἐκ
731 1481 789 1565 τῆς
815 1481 941 1567 τροπῆς
961 1481 1009 1555 είς

45 1575 184 1666 ἀσφαλῆ
204 1576 402 1666 καταφυγὴν
425 1577 491 1649 ὑπὸ
512 1585 581 1648 τῶν
600 1582 883 1667 καταλαβομένων
902 1574 1009 1665 αύτὴν

46 1681 179 1749 ἱππέων
198 1677 413 1766 ἀπώλλυντο,
436 1687 470 1752 ολ
483 1679 516 1750 δ’
537 1683 574 1752 έκ
593 1686 654 1751 τοῦ
674 1683 901 1768 στρατοπέδου
922 1678 1007 1768 φεύ-

46 1811 122 1870 γειν
144 1777 348 1870 ὁρμήσαντες
375 1791 423 1863 είς
448 1782 487 1853 τό
501 1789 621 1854 πεδίον
645 1780 713 1852 ὑπὸ
739 1788 797 1871 τῆς
819 1780 1007 1872 Ῥωμαικῆς
1026 1803 1058 1855 ιο

46 1885 220 1973 φάλαγγος
233 1881 332 1973 ὁμόσε
343 1886 514 1977 χωρούσης
527 1885 762 1975 ἀπέθνησκον,
775 1891 811 1957 ολ
821 1887 858 1957 δέ
872 1894 1009 1967 πλείους

48 1986 164 2057 αύτιῦν
188 1984 381 2078 ὠθούμενοί
404 2018 440 2059 τε
466 1986 527 2059 ὑπ’
545 1988 702 2079 ἀλλήλων
719 1992 776 2059 καὶ
796 1988 1007 2059 καταπατού·

37 2102 145 2177 ’μενοι
171 2092 248 2177 περὶ
272 2107 341 2171 τοίς
366 2088 565 2181 σκόλοψινῆ
592 2091 678 2162 κατά
698 2091 756 2171 τάς
779 2091 927 2179 τάφρους
948 2087 1008 2161 τόν

49 2191 216 2261 οἴκτιστόν
235 2196 340 2273 τεκαὶ
361 2191 603 2281 ἀγεννέστατον
616 2193 743 2281 τρόπον
758 2193 1008 2282 διεφθάρησαν·

49 2290 128 2363 ὥστ’
144 2288 407 2385 ἠναγκάσθησαν
420 2302 456 2366 ολ
475 2296 744 2386 περιλειπόμενοι
767 2303 825 2384 τῆς
845 2303 1008 2386 σωτηρίως
1026 2317 1060 2370 20

48 2394 174 2465 οὐδένα
193 2396 298 2486 πόρον
314 2395 428 2487 εῦρεῑν
443 2400 627 2488 δυνάμενοι
640 2390 853 2486 παραδοῦναι
869 2414 937 2479 τοῖς
950 2424 1007 2469 κε-

49 2497 250 2585 κρατηκόσιν
264 2501 412 2581 ἑαυτούς.
439 2502 619 2590 γενόμενος
632 2501 670 2570 δέ
686 2497 704 2570 ό
723 2500 908 2585 Ταρκύνιος
924 2508 1006 2569 πολ·

49 2606 118 2669 λεῦν
143 2600 305 2687 σωμάτων
324 2631 361 2673 τε
387 2606 444 2672 καὶ
462 2602 642 2693 χρημάτων
663 2600 824 2690 ἐγκρατὴς
848 2601 926 2683 τοῦς
946 2601 1009 2690 μὲν

49 2702 276 2791 αι’χμαλοότους
297 2704 456 2791 ἀπέδοτο,
482 2705 524 2777 τὰ
544 2703 578 2775 δ’
602 2710 641 2775 έν
661 2709 708 2798 τῷ
724 2703 844 2794 χάρακι
863 2714 1007 2794 καταλη-

50 2808 182 2892 φθέντα
195 2821 264 2886 τοῖς
277 2807 492 2895 στρατιώταις
506 2813 687 2896 ἐχαρίσατο.
1026 2821 1059 2871 25

124 2905 219 2975 Lllll.
249 2916 359 2980 Ταῦτα
378 2911 644 2999 διαπραξάμενος
662 2907 716 2977 ἐπὶ
737 2906 796 2987 τὰς
814 2904 926 2983 πόλεις
939 2908 1009 2971 τοῖν

50 3015 206 3078 Λατίνων
227 3001 286 3097 ἦγε
305 3011 544 3101 τὴνδύναμιν,
566 3007 612 3091 ἀς
624 3009 711 3100 μάχη
727 3008 784 3089 τάς
798 3006 843 3096 μὴ
856 3028 1007 3093 προσχω·

51 3108 174 3199 ρούσας
187 3108 277 3209 αύτῷ
288 3115 596 3204 παραστησόμενος·
611 3110 652 3181 ού
659 3112 726 3201 μὴν
735 3110 853 3197 ἐδέησέ
864 3134 903 3194 γε
917 3102 1010 3198 αύτῷ

10 3234 37 3287 σε
51 3219 268 3299 τειχομαχίας.
308 3216 455 3296 ’ἅπαντες
484 3215 549 3303 γδιρ
568 3222 629 3295 είς
658 3220 783 3291 λκεοίας
803 3210 860 3278 καὶ
880 3207 1010 3295 δεήσεις

51 3313 232 3403 ἐτράποντο
259 3322 314 3389 καὶ
339 3320 495 3413 πρέσβεις
523 3316 664 3385 ἀπὸτοῦ
683 3316 801 3383 κοινοῦ
819 3311 1009 3395 πέμψαντες
1025 3325 1061 3380 30

50 3414 300 3493 καταλύσασθαι
315 3420 373 3491 τὸν
382 3420 528 3510 πόλεμον
541 3416 657 3506 ἠξίουν
670 3412 722 3501 ἐφ’
730 3410 780 3492 οἷς
792 3410 892 3490 αύτδς
903 3406 1008 3498 ἡβού-

51 3530 125 3591 λετο
138 3520 195 3589 καὶ
215 3522 275 3606 τὰς
298 3524 411 3611 πόλεις
434 3525 634 3611 παρέδοσαν.
674 3514 855 3604 γενόμενος
880 3512 920 3582 δέ
941 3515 1010 3581 τοῖν
