2367 3850
396 125 634 186 -B-
938 121 997 190 189

36 297 91 358 λιν
114 283 272 377 εὕροντο,
299 301 370 366 τοῖς
392 282 428 355 δ’
444 288 591 368 ἐποίκοις
605 287 719 374 ἐτέρας
734 283 827 412 σιγάς
849 281 997 369 άποδοδς

34 389 150 479 τιμάς,
178 395 306 459 έπαυσε
328 391 605 480 διαφερομένους.
643 386 873 479 ἁρμοσάμενος
896 389 992 498 δὲ
958 417 996 461 το

34 499 166 582 πλῆθος
205 490 297 564 ἅπαν
329 489 443 582 ω”σπερ
467 490 615 582 ὄργανον
648 490 730 581 πρὸς
765 495 826 562 ἕνα
851 489 912 560 τὸν
936 496 997 562 τοῦ

34 603 134 685 κοινῇ
158 598 391 684 συμφέροντος
423 595 584 686 λογισμὸν
609 597 667 666 καί
692 600 750 684 τῆς
781 595 909 674 πόλεως
935 591 996 664 τὸν

34 706 219 788 περίβολον
232 695 423 792 αὐξησας
390 726 438 768 τω
423 703 624 794 Κυρινείῳ
638 697 731 791 λόφω
753 696 903 781 (τέως
863 725 928 786 γαρ
947 705 995 768 ἔτι
1012 715 1030 766 5

34 800 219 890 άτείχιστος
231 790 290 889 ἦν)
306 799 380 872 τότε
395 828 464 870 των
476 798 589 871 ἄλλων
608 797 896 888 πολιτευμάτωυ”
874 827 996 890 ηπτετο

36 904 96 974 δάο
114 903 222 974 ταῦτα
237 890 569 993 πραγματευόμενος,
591 900 644 985 οἷς
662 914 893 992 κοσμηθεῖσαν
911 900 994 974 ὑπε·

35 1009 186 1096 λάμβανε
207 1003 270 1095 τὴν
294 1006 396 1076 πόλιν
421 1004 606 1096 ευδαίμονα
626 1005 831 1096 γενήσεσθαι
859 1009 916 1078 καὶ
934 1033 994 1095 με·

35 1109 164 1199 γάλην·
193 1106 370 1197 εὐσέβειαν
395 1110 458 1198 μέν
477 1114 611 1199 πρῶτον
633 1110 804 1180 διδάσκων
829 1108 908 1190 τούς
935 1107 995 1179 άν-

36 1212 216 1301 θράπους,
241 1208 294 1282 ὅτι
316 1212 441 1294 παντὸς
457 1210 592 1300 άγαθοῦ
611 1214 689 1282 θεοῖ
712 1213 848 1302 δοτῆρές
869 1218 934 1282 είσι
955 1219 995 1302 τῇ
1014 1225 1046 1278 10

38 1320 148 1404 θνητῇ
167 1313 270 1403 φύσει
288 1317 345 1386 καί
360 1315 524 1405 φύλακες,
547 1322 662 1386 ἔπειτα
683 1314 920 1404 δικαιοσύνην,
948 1313 994 1385 δι’

17 1418 80 1508 ῖῆν
99 1419 159 1486 καί
177 1415 220 1486 τά
241 1416 331 1506 παρά
351 1423 420 1488 τοῖν
438 1424 534 1489 θεῶν
550 1415 739 1506 ἀπέφαινεν
758 1414 872 1506 άγαθδι
893 1416 996 1499 καλάς

40 1521 93 1603 τὰς
110 1517 314 1603 ἀπολαύσεις
326 1525 474 1609 φέροντα
487 1536 556 1601 τοῖς
569 1523 797 1611 κτησαμένοις.

113 1622 228 1694 Lxlll.
257 1623 311 1708 Ἐξ
324 1615 374 1696 ὧν
393 1624 431 1694 δέ
453 1625 652 1715 διεπράξατο
673 1622 788 1713 νόμων
800 1648 836 1691 τε
858 1624 917 1692 καὶ
936 1647 995 1692 πο-

41 1725 247 1815 λιτευμάτων
275 1727 433 1817 ἑκάτερον
451 1729 582 1811 τούτων
604 1733 652 1808 είς
673 1721 822 1816 μεγάλην
843 1728 996 1796 ἐπίδοσιν
1015 1744 1046 1796 15

40 1839 221 1918 προελθεῖν
239 1825 371 1901 ἅπαντα
390 1831 454 1919 μὶν
472 1828 535 1902 οὐκ
554 1828 637 1913 άξιοὸ
656 1829 820 1919 γράφειν,
841 1825 879 1898 τὸ
893 1832 996 1917 μῆκος

40 1930 256 2023 ὑφορώμενος
268 1938 330 2003 τοῦ
342 1933 445 2022 λόγου
458 1937 514 2005 καί
528 1933 597 2024 ἅμα
610 1932 691 2005 οὐδ’
707 1932 895 2022 ἀναγκαίαν
907 1928 996 2021 ὀροῖν

41 2036 97 2125 τὴν
123 2033 258 2126 γραφὴν
282 2034 395 2107 αὐτῶν
411 2034 618 2127 Ἑλληνικαῖς
645 2044 820 2129 ἱστορίαις,
847 2032 932 2105 αὐτὰ
959 2035 996 2105 δὲ

41 2138 76 2208 τὰ
87 2138 281 2229 κυριώτατα
299 2142 356 2209 καί
369 2139 523 2229 φανεράν
542 2139 715 2228 δυνάμενα
729 2144 867 2228 ποιῆσαι
886 2142 996 2208 πάσαν

41 2242 99 2331 τὴν
113 2249 312 2333 προαίρεσιν
327 2248 390 2313 τοῦ
401 2242 525 2330 άνδρός
545 2247 601 2314 ἐπὶ
613 2249 808 2332 κεφαλαίων
823 2244 907 2331 έρῶ,
934 2237 996 2328 τὴν
1013 2258 1047 2311 20

42 2343 144 2435 ἀρχὴν
163 2342 230 2415 άπδ
248 2350 307 2434 τῆς
327 2350 404 2434 περί
426 2346 467 2419 τά
485 2360 566 2417 θεῖα
588 2345 835 2435 διακοσμήσεως
855 2342 994 2431 ποιησά-

41 2476 146 2535 μενος.
182 2444 246 2519 ὅσα
259 2449 323 2537 μδυ
341 2442 405 2520 οὖν
417 2447 484 2521 ὑπὸ
501 2446 670 2538 Ῥωμύλου
684 2450 850 2536 ταχθέντα
863 2448 901 2515 ἐν
917 2450 995 2523 έθι-

42 2568 134 2641 σμοῖς
146 2579 184 2621 τε
202 2554 259 2621 καὶ
276 2552 391 2643 νόμοις
409 2552 617 2643 παρέλαβεν,
645 2549 795 2623 άπὸ·τοῦ
817 2555 996 2638 κρατίστου
1016 2602 1018 2607 .

43 2654 198 2743 τετάχθαι
212 2653 322 2725 πάντα
341 2652 549 2746 ἡγησάμενος
565 2667 619 2727 εῖα
634 2653 718 2725 κατά
737 2652 850 2743 χάραν
869 2653 995 2740 μένειν,

43 2754 102 2828 ὅσα
126 2753 160 2827 δ’
183 2753 244 2827 ὑπ’
274 2760 408 2831 ἐκείνου
434 2770 705 2849 παραλελεῖφθαι
731 2756 858 2843 ἐδόκει,
892 2762 996 2826 ταῦτα
1014 2780 1047 2829 25

46 2866 234 2950 προσετίθει
256 2861 363 2931 πολλά
375 2861 654 2952 μένάποδεικυὺς
674 2864 796 2951 τεμένη
809 2875 878 2941 τοῖς
898 2859 996 2948 μήπω

44 2991 145 3052 τιμωυ
167 2962 373 3052 τυγχάνουσι
398 2976 511 3054 θεοῖς,
541 2963 688 3047 πολλοὺς
714 2965 752 3035 δε
768 2959 926 3087 βωμοὺς
940 2963 997 3029 και

44 3094 142 3148 ναους
159 3066 357 3156 ἱδρυόμενος
370 3069 485 3156 ἑορτάς
499 3098 535 3139 τε
550 3069 678 3165 εκάστην
692 3065 805 3139 αιίτωυ
819 3062 997 3149 άπουέμωυ

45 3172 97 3239 καὶ
121 3196 202 3252 τους
233 3173 536 3262 ἐπιμελησομένους
568 3202 682 3244 αυτωυ
708 3178 809 3295 ίερεῖς
834 3164 998 3243 καθιστὰς

45 3267 174 3360 ἁγνείας
187 3300 223 3342 τε
237 3276 293 3343 καί
305 3283 490 3365 θρησκείας
505 3279 564 3346 καὶ
576 3271 773 3367 καθαρμους
793 3264 899 3341 καὶ
863 3294 921 3347 τας
936 3265 995 3339 ἆίτ
1014 3290 1048 3343 ³0

46 3383 98 3457 λας
116 3385 303 3462 θεραπείας
326 3378 499 3469 καὶτιμὰς
521 3379 613 3456 πάνυ
638 3374 763 3455 πολλάς
789 3374 997 3497 υομοθετφυ,

46 3472 116 3559 ὅσας
129 3476 211 3549 οὔθ’
223 3475 434 3571 Ἑλληνλς”
391 3510 471 3555 οντε
483 3482 652 3572 βάρβαρος
670 3484 736 3564 ἔχει
749 3474 846 3552 πόλις
868 3468 947 3541 οὐδ’
963 3475 1001 3541 αί
