2367 3850
432 103 667 164 ...p-

60 288 173 352 γαγεν
188 267 235 343 εἰς
248 260 310 352 τὴν
320 260 423 334 ’πόλιν
433 259 649 352 ἀφικόμενος,
680 263 829 354 δευτίρφ
843 259 876 332 δ’
888 261 1031 353 ὕστερον

61 372 135 434 ἔτει
154 364 257 436 πάλιν
270 370 339 436 τῶν
355 349 571 442 Οὐιεντανῶν
585 365 761 436 λυσάντων
779 362 817 445 άς
832 366 1030 454 ἐποιήσαντο

61 465 151 557 πρὸς
172 465 276 538 αὐτόν
293 465 416 558 άνοχάς
441 471 498 538 καὶ
517 466 576 549 τάς
596 465 678 550 άλάς
698 466 883 552 ἀξιούντων
901 466 1027 539 άπολα-

60 578 142 658 βεῐν
150 623 160 657 ,
176 561 224 640 ῶν
238 573 294 640 ἐπὶ
303 567 478 660 Ῥωμύλον
490 573 654 662 βασιλέως
666 568 748 642 καθ’
757 568 934 659 ὁμολογίας
946 569 1028 643 άπί-

6 692 40 744 29
61 691 213 762 στησαν,
233 676 350 761 ἑτέραν
364 683 494 746 τίθεται
508 673 590 763 πρὸς
604 671 726 754 αὐτούς
739 673 848 762 μάχην
862 673 945 761 πρδς
957 691 1029 756 ταῖς
1045 692 1062 744 ο

59 772 162 854 άλαίς
188 781 400 866 μείζονατης
427 780 606 866 προτέρας,
640 774 683 866 ἣν
710 773 857 856 εὐπετῶς
882 780 1027 866 ἐνίκησε,
1106 779 1123 799 “

59 881 123 948 καὶ
143 876 202 960 τάς
218 873 301 960 άλάς
322 881 355 962 ἐξ
377 882 508 972 ἐκείνου
528 895 682 967 κατεῖχεν
700 877 948 968 ἀναμφιλόγως.
987 878 1028 951 τά

60 982 101 1052 δὲ
122 977 274 1066 άριστεῖα
288 983 347 1052 καί
361 984 397 1052 ἐκ
412 981 533 1070 ταύτης
546 990 646 1070 ἔλαβε
661 986 719 1070 τῆς
735 981 841 1070 μάχης
854 978 872 1050 ό
885 987 954 1052 τῶν
971 985 1027 1052 ι’π-

59 1086 158 1154 πέων
170 1079 305 1173 ἡγεμῶν
317 1084 520 1172 Ταρκύνιος,
535 1088 591 1154 καὶ
606 1082 711 1156 αὐτόν
723 1082 905 1174 όΜάρκιος
918 1082 1028 1173 ἄνδρα

60 1185 205 1256 πάντων
222 1186 400 1274 κράτιστον
414 1183 622 1278 ἡγησάμενος
641 1187 682 1257 τά
695 1215 732 1259 τε
744 1185 829 1259 ἄλλα
848 1186 1028 1277 σεμνύνων
1045 1204 1078 1255 10

62 1291 208 1360 διετέλει
222 1291 277 1361 καὶ
292 1295 340 1369 είς
353 1287 412 1362 τόν
426 1293 494 1360 τῶν
508 1299 694 1378 πατρικίων
712 1319 749 1360 τε
763 1293 819 1360 καὶ
832 1295 1028 1378 βουλευτῶν

61 1389 214 1479 άριθμόν
234 1394 454 1480 κατέγραψεν.
499 1395 632 1480 ἐγένετο
651 1395 690 1464 δὲ
716 1395 771 1464 καλ
798 1391 881 1482 πρός
902 1391 939 1462 τό
959 1397 1027 1462 τῶν

63 1491 294 1564 Οὐολούσκων
317 1501 419 1576 ἔθνος
438 1498 486 1588 τῶ
508 1501 655 1587 Μαρκίῳ
676 1495 820 1584 πόλεμος
839 1503 1027 1586 ληστηρίων

60 1593 226 1668 κάκεῑθεν
253 1597 486 1680 ἐξιόντανίπλ
503 1595 582 1677 τούς
609 1604 679 1668 τῶν
691 1595 869 1687 Ῥωμαίων
887 1595 1026 1686 άγρούς·

60 1701 120 1768 καὶ
140 1699 343 1789 στρατεύσας
363 1696 415 1772 ἐπ’
432 1696 553 1780 αὐτούς
567 1699 699 1790 μεγάληΙ
714 1703 800 1790 χειρὶ
821 1699 948 1789 πολλὴν
967 1705 1026 1770 πε·
1045 1722 1077 1773 15

59 1802 239 1891 ριεβάλετο
253 1809 348 1872 λείαν
368 1803 463 1872 πόλει
479 1830 514 1872 τε
535 1801 649 1874 αὐτῶν
669 1801 866 1893 Οὐελίτραις
878 1824 1026 1891 προσκα-

60 1905 245 1994 θεζόμενος
263 1901 475 1995 άπετάφρευε
495 1907 552 1975 καὶ
574 1906 819 1997 περιεχαράκου
845 1907 903 1977 καλ
920 1934 1027 1995 τειχο·

62 2016 188 2097 μαχίαν
200 2014 378 2079 συνίστατο
392 2014 449 2097 τῆς
461 2004 635 2097 ὑπαίθρου
649 2016 793 2098 κρατῶν.
819 2008 1028 2091 ἐξελθόντων

64 2110 102 2181 δὲ
117 2108 183 2180 σύν
204 2116 384 2201 ἱκετηρίαις
399 2116 468 2184 τῶν
482 2112 723 2201 πρεσβυτάτων
740 2114 797 2183 καὶ
813 2112 871 2192 τάς
888 2138 924 2181 τε
944 2110 1025 2199 βλά-

63 2221 127 2301 βας
150 2214 322 2299 διαλύσειν
344 2211 602 2303 ὑποσχομένων,
625 2210 675 2295 ῶς,
689 2210 733 2285 άν
759 2210 777 2283 ὁ
795 2211 952 2303 βασιλεύς
973 2218 1024 2282 δι·
1043 2236 1078 2288 20

6 2334 47 2389 ⁵30
63 2315 210 2403 καιῶση,
225 2319 281 2385 καὶ
292 2314 372 2415 ,τούς
387 2316 522 2405 ἐνόχους
534 2332 606 2415 ταῖς
618 2324 740 2398 αίτίαις
755 2319 810 2387 ἐπὶ
828 2323 927 2404 δίκην
940 2342 1025 2405 παρ-

63 2423 151 2501 ε’ξειν
169 2414 442 2507 ὁμολογούντων,
463 2416 591 2507 άνοχδιςΙ
603 2419 685 2508 πρὸς
704 2416 826 2499 αὐτούς
846 2418 1026 2508 ποιησάμε-

63 2550 121 2603 νος
141 2523 196 2595 καὶ
217 2520 258 2591 τά
285 2528 397 2592 δίκαια
420 2520 500 2613 παρ’
519 2521 665 2594 ἑκόντων
678 2520 794 2611 λαβῶν
817 2521 953 2611 είρύνην
971 2523 1029 2591 καὶ

64 2629 183 2713 φιλίαν
195 2636 401 2695 συντίθεται.

141 2726 309 2797 ΧΧΧΧΙΙ.
331 2724 387 2803 ’En
400 2726 437 2798 δὲ
451 2730 511 2797 τού
527 2732 691 2814 Σαβίνων
706 2731 830 2807 ἔθνους
843 2717 945 2807 αὐθις
959 2729 1079 2795 &ve-'25

65 2837 120 2920 ροί
138 2856 240 2917 τινες,
257 2836 315 2919 τῆς
343 2826 522 2919 Ῥωμαίων
544 2826 640 2899 οὐπω
661 2831 899 2918 πεπειραμένοι
924 2827 1027 2898 δυνά-

64 2956 169 3023 μεως,
197 2932 362 3006 Πτόλιν
380 2938 550 3011 οἰκοῦντες
577 2928 762 3021 εὐδαίμονα
785 2934 843 3002 καλ
868 2930 1028 3022 μεγάλην,
1052 2987 1056 2993 ,

65 3040 220 3125 ἐγκαλεῖν
241 3036 304 3125 μὲν
321 3032 434 3115 αὐύοίς
448 3030 551 3105 οὐδὲν
565 3042 711 3122 ἔχοντες,
732 3046 878 3123 φθονεῖν
898 3033 936 3103 δὲ
955 3048 1028 3113 ταῖς

67 3134 236 3225 εὐτυχίαις
250 3136 512 3229 ἀναγκαζόμενοι
526 3144 672 3224 μείζοσιν
687 3132 708 3225 ἢ
722 3130 807 3207 κατὰ
820 3136 921 3223 λόγον
932 3162 1025 3222 γινο-

66 3242 199 3329 μέναις,
221 3238 404 3329 ἅνθρωποι
420 3241 526 3312 δεινοὶ
548 3237 588 3309 τά
603 3243 743 3327 πολέμια
762 3238 800 3309 τὸ
814 3238 876 3327 μλν
896 3242 1029 3327 πρῶτον
1045 3254 1080 3307 30

67 3341 132 3416 άπδ
154 3351 344 3432 ληστηρίων
367 3346 424 3417 καὶ
452 3347 662 3431 καταδρομῆς
683 3340 796 3428 άγρῶν
815 3339 922 3428 ὀλίγοι
946 3362 1026 3408 συν-

68 3443 394 3547 ελθόντεςῆρξαντο,
410 3453 523 3520 ἔπειτα
535 3444 763 3532 δελεαζόμενοι
773 3457 844 3524 ταῖς
855 3440 1032 3533 ὠφελείαις
