<?xml version="1.0" encoding="UTF-8"?>
<!DOCTYPE html PUBLIC "-//W3C//DTD XHTML 1.0 Transitional//EN"
    "http://www.w3.org/TR/xhtml1/DTD/xhtml1-transitional.dtd">
<html xmlns="http://www.w3.org/1999/xhtml" xml:lang="en" lang="en">
 <head>
  <title>
</title>
<meta http-equiv="Content-Type" content="text/html;charset=utf-8" />
  <meta name='ocr-system' content='tesseract 3.04.00' />
  <meta name='ocr-capabilities' content='ocr_page ocr_carea ocr_par ocr_line ocrx_word'/>
</head>
<body>
  <div class='ocr_page' id='page_1' title='image "./dionysihalicarn00kiesgoog/dionysihalicarn00kiesgoog_0333.png"; bbox 0 0 2367 3850; ppageno 0'>
   <div class='ocr_carea' id='block_1_1' title="bbox 441 97 1025 162">
    <p class='ocr_par' dir='ltr' id='par_1_1' title="bbox 441 97 1025 162">
     <span class='ocr_line' id='line_1_1' title="bbox 441 97 1025 162; baseline 0.007 -4"><span class='ocrx_word' id='word_1_1' title='bbox 441 127 486 140; x_wconf 89' lang='grc'><strong>-</strong></span> <span class='ocrx_word' id='word_1_2' title='bbox 541 97 673 158; x_wconf 75' lang='grc' dir='ltr'><strong><em>Γ-</em></strong></span> <span class='ocrx_word' id='word_1_3' title='bbox 962 97 1025 162; x_wconf 79' lang='lat'><strong><em>263</em></strong></span> 
     </span>
    </p>
   </div>
   <div class='ocr_carea' id='block_1_2' title="bbox 9 255 1107 3531">
    <p class='ocr_par' dir='ltr' id='par_1_2' title="bbox 42 255 1107 1270">
     <span class='ocr_line' id='line_1_2' title="bbox 44 255 1107 348; baseline 0 -18"><span class='ocrx_word' id='word_1_4' title='bbox 44 257 88 330; x_wconf 72' lang='grc' dir='ltr'><strong><em>δὲ</em></strong></span> <span class='ocrx_word' id='word_1_5' title='bbox 127 255 257 338; x_wconf 88' lang='grc' dir='ltr'><strong><em>Τύλλος</em></strong></span> <span class='ocrx_word' id='word_1_6' title='bbox 284 255 401 348; x_wconf 76' lang='grc' dir='ltr'><strong><em>ἐπειδὴ</em></strong></span> <span class='ocrx_word' id='word_1_7' title='bbox 424 255 487 346; x_wconf 79' lang='grc' dir='ltr'><strong><em>τὴν</em></strong></span> <span class='ocrx_word' id='word_1_8' title='bbox 512 256 668 328; x_wconf 79' lang='grc' dir='ltr'><strong><em>διάνοιαν</em></strong></span> <span class='ocrx_word' id='word_1_9' title='bbox 692 257 762 330; x_wconf 82' lang='grc' dir='ltr'><strong><em>είδε</em></strong></span> <span class='ocrx_word' id='word_1_10' title='bbox 785 261 855 328; x_wconf 76' lang='grc' dir='ltr'><strong><em>τῶν</em></strong></span> <span class='ocrx_word' id='word_1_11' title='bbox 880 262 1026 344; x_wconf 70' lang='grc' dir='ltr'><strong><em>πολλῶν,</em></strong></span> <span class='ocrx_word' id='word_1_12' title='bbox 1102 325 1107 346; x_wconf 70' lang='lat'><em>,</em></span> 
     </span>
     <span class='ocr_line' id='line_1_3' title="bbox 42 359 1025 450; baseline -0.002 -19"><span class='ocrx_word' id='word_1_13' title='bbox 42 359 304 448; x_wconf 83' lang='grc' dir='ltr'><strong><em>ἀπολογεῖσθαι</em></strong></span> <span class='ocrx_word' id='word_1_14' title='bbox 328 359 388 430; x_wconf 86' lang='grc' dir='ltr'><strong><em>τόν</em></strong></span> <span class='ocrx_word' id='word_1_15' title='bbox 414 359 564 432; x_wconf 77' lang='grc' dir='ltr'><strong><em>Μέττιον</em></strong></span> <span class='ocrx_word' id='word_1_16' title='bbox 589 359 785 448; x_wconf 80' lang='grc' dir='ltr'><strong><em>ἐκέλευσεν,</em></strong></span> <span class='ocrx_word' id='word_1_17' title='bbox 821 369 857 429; x_wconf 82' lang='grc' dir='ltr'><strong><em>εί</em></strong></span> <span class='ocrx_word' id='word_1_18' title='bbox 881 388 913 430; x_wconf 84' lang='grc' dir='ltr'><strong><em>τι</em></strong></span> <span class='ocrx_word' id='word_1_19' title='bbox 941 359 1025 450; x_wconf 77' lang='grc' dir='ltr'><strong><em>πρός</em></strong></span> 
     </span>
     <span class='ocr_line' id='line_1_4' title="bbox 43 460 1024 552; baseline 0 -20"><span class='ocrx_word' id='word_1_20' title='bbox 43 469 165 534; x_wconf 80' lang='grc' dir='ltr'><strong><em>ταῦτα</em></strong></span> <span class='ocrx_word' id='word_1_21' title='bbox 186 461 299 550; x_wconf 82' lang='grc' dir='ltr'><strong><em>λέγειν</em></strong></span> <span class='ocrx_word' id='word_1_22' title='bbox 318 461 486 552; x_wconf 78' lang='grc' dir='ltr'><strong><em>βούλεται.</em></strong></span> <span class='ocrx_word' id='word_1_23' title='bbox 513 460 576 533; x_wconf 91' lang='grc' dir='ltr'><strong><em>ούκ</em></strong></span> <span class='ocrx_word' id='word_1_24' title='bbox 596 471 682 551; x_wconf 85' lang='grc' dir='ltr'><strong><em>έχων</em></strong></span> <span class='ocrx_word' id='word_1_25' title='bbox 702 461 770 534; x_wconf 86' lang='grc' dir='ltr'><strong><em>δ’ὁ</em></strong></span> <span class='ocrx_word' id='word_1_26' title='bbox 790 461 935 544; x_wconf 78' lang='grc' dir='ltr'><strong><em>Μέττιος</em></strong></span> <span class='ocrx_word' id='word_1_27' title='bbox 952 461 972 532; x_wconf 85' lang='grc' dir='ltr'><strong><em>ό</em></strong></span> <span class='ocrx_word' id='word_1_28' title='bbox 991 491 1024 534; x_wconf 85' lang='grc' dir='ltr'><strong><em>τι</em></strong></span> 
     </span>
     <span class='ocr_line' id='line_1_5' title="bbox 45 563 1022 656; baseline 0.001 -22"><span class='ocrx_word' id='word_1_29' title='bbox 45 563 119 656; x_wconf 81' lang='grc' dir='ltr'><strong><em>χρὴ</em></strong></span> <span class='ocrx_word' id='word_1_30' title='bbox 124 563 249 653; x_wconf 68' lang='grc' dir='ltr'><strong><em>ιλέγειν</em></strong></span> <span class='ocrx_word' id='word_1_31' title='bbox 262 563 345 654; x_wconf 84' lang='grc' dir='ltr'><strong><em>πρός</em></strong></span> <span class='ocrx_word' id='word_1_32' title='bbox 358 564 436 646; x_wconf 82' lang='grc' dir='ltr'><strong><em>τούς</em></strong></span> <span class='ocrx_word' id='word_1_33' title='bbox 449 566 717 655; x_wconf 77' lang='grc' dir='ltr'><strong><em>κατηγοροῦντάς</em></strong></span> <span class='ocrx_word' id='word_1_34' title='bbox 736 593 773 636; x_wconf 83' lang='grc' dir='ltr'><strong><em>τε</em></strong></span> <span class='ocrx_word' id='word_1_35' title='bbox 786 567 842 634; x_wconf 80' lang='grc' dir='ltr'><strong><em>καὶ</em></strong></span> <span class='ocrx_word' id='word_1_36' title='bbox 855 593 1022 656; x_wconf 86' lang='grc' dir='ltr'><strong><em>καταμαρ-</em></strong></span> 
     </span>
     <span class='ocr_line' id='line_1_6' title="bbox 44 664 1056 762; baseline 0.004 -25"><span class='ocrx_word' id='word_1_37' title='bbox 44 673 247 758; x_wconf 75' lang='grc' dir='ltr'><strong><em>τυρούντας</em></strong></span> <span class='ocrx_word' id='word_1_38' title='bbox 267 666 329 757; x_wconf 73' lang='grc' dir='ltr'><strong><em>τὴν</em></strong></span> <span class='ocrx_word' id='word_1_39' title='bbox 347 664 521 758; x_wconf 72' lang='grc' dir='ltr'><strong><em>Ἀλβανσῖν</em></strong></span> <span class='ocrx_word' id='word_1_40' title='bbox 533 666 661 757; x_wconf 74' lang='grc' dir='ltr'><strong><em>βουλὴν</em></strong></span> <span class='ocrx_word' id='word_1_41' title='bbox 673 675 802 758; x_wconf 79' lang='grc' dir='ltr'><strong><em>ἔφησεν</em></strong></span> <span class='ocrx_word' id='word_1_42' title='bbox 814 665 905 762; x_wconf 77' lang='grc' dir='ltr'><strong><em>αύτῷ</em></strong></span> <span class='ocrx_word' id='word_1_43' title='bbox 918 673 1022 739; x_wconf 82' lang='grc' dir='ltr'><strong><em>’ταῦτα</em></strong></span> <span class='ocrx_word' id='word_1_44' title='bbox 1039 688 1056 742; x_wconf 84' lang='grc' dir='ltr'><strong><em>σ</em></strong></span> 
     </span>
     <span class='ocr_line' id='line_1_7' title="bbox 46 767 1020 861; baseline 0.001 -21"><span class='ocrx_word' id='word_1_45' title='bbox 46 767 256 842; x_wconf 74' lang='grc' dir='ltr'><strong><em>ὑποθέσθαι</em></strong></span> <span class='ocrx_word' id='word_1_46' title='bbox 269 783 380 842; x_wconf 88' lang='grc' dir='ltr'><strong><em>ποιεῖν</em></strong></span> <span class='ocrx_word' id='word_1_47' title='bbox 395 769 444 841; x_wconf 91' lang='grc' dir='ltr'><strong><em>δι’</em></strong></span> <span class='ocrx_word' id='word_1_48' title='bbox 459 769 679 861; x_wconf 82' lang='grc' dir='ltr'><strong><em>ἀπορρήτων,</em></strong></span> <span class='ocrx_word' id='word_1_49' title='bbox 700 769 756 841; x_wconf 86' lang='grc' dir='ltr'><strong><em>ὅτε</em></strong></span> <span class='ocrx_word' id='word_1_50' title='bbox 770 774 865 861; x_wconf 79' lang='grc' dir='ltr'><strong><em>ἐξῆγε</em></strong></span> <span class='ocrx_word' id='word_1_51' title='bbox 878 768 942 860; x_wconf 79' lang='grc' dir='ltr'><strong><em>τὴν</em></strong></span> <span class='ocrx_word' id='word_1_52' title='bbox 959 771 1020 841; x_wconf 89' lang='grc' dir='ltr'><strong><em>δύ·</em></strong></span> 
     </span>
     <span class='ocr_line' id='line_1_8' title="bbox 46 869 1022 968; baseline 0.002 -26"><span class='ocrx_word' id='word_1_53' title='bbox 46 901 163 962; x_wconf 88' lang='grc' dir='ltr'><strong><em>ναμιν</em></strong></span> <span class='ocrx_word' id='word_1_54' title='bbox 178 874 233 942; x_wconf 81' lang='grc' dir='ltr'><strong><em>έπδ</em></strong></span> <span class='ocrx_word' id='word_1_55' title='bbox 248 871 308 944; x_wconf 79' lang='grc' dir='ltr'><strong><em>τόν</em></strong></span> <span class='ocrx_word' id='word_1_56' title='bbox 321 874 485 963; x_wconf 88' lang='grc' dir='ltr'><strong><em>πόλεμον,</em></strong></span> <span class='ocrx_word' id='word_1_57' title='bbox 504 871 600 964; x_wconf 81' lang='grc' dir='ltr'><strong><em>ἠξίου</em></strong></span> <span class='ocrx_word' id='word_1_58' title='bbox 616 902 654 943; x_wconf 86' lang='grc' dir='ltr'><strong><em>τε</em></strong></span> <span class='ocrx_word' id='word_1_59' title='bbox 667 871 746 954; x_wconf 85' lang='grc' dir='ltr'><strong><em>τούς</em></strong></span> <span class='ocrx_word' id='word_1_60' title='bbox 761 871 958 968; x_wconf 80' lang='grc' dir='ltr'><strong><em>Ἀλβανούς,</em></strong></span> <span class='ocrx_word' id='word_1_61' title='bbox 972 869 1022 953; x_wconf 73' lang='grc' dir='ltr'><strong><em>οἷς</em></strong></span> 
     </span>
     <span class='ocr_line' id='line_1_9' title="bbox 45 972 1020 1067; baseline 0.001 -21"><span class='ocrx_word' id='word_1_62' title='bbox 45 973 311 1064; x_wconf 76' lang='grc' dir='ltr'><strong><em>ἀνακτήσασθαι</em></strong></span> <span class='ocrx_word' id='word_1_63' title='bbox 324 975 386 1066; x_wconf 75' lang='grc' dir='ltr'><strong><em>τὴν</em></strong></span> <span class='ocrx_word' id='word_1_64' title='bbox 404 973 587 1066; x_wconf 80' lang='grc' dir='ltr'><strong><em>ἡγεμονίαν</em></strong></span> <span class='ocrx_word' id='word_1_65' title='bbox 601 979 782 1067; x_wconf 76' lang='grc' dir='ltr'><strong><em>ἐπεχείρει,</em></strong></span> <span class='ocrx_word' id='word_1_66' title='bbox 801 984 945 1066; x_wconf 83' lang='grc' dir='ltr'><strong><em>βοηθεῖν</em></strong></span> <span class='ocrx_word' id='word_1_67' title='bbox 959 972 1020 1047; x_wconf 89' lang='grc' dir='ltr'><strong><em>αύ-</em></strong></span> 
     </span>
     <span class='ocr_line' id='line_1_10' title="bbox 45 1075 1022 1171; baseline 0.001 -24"><span class='ocrx_word' id='word_1_68' title='bbox 45 1084 100 1171; x_wconf 75' lang='grc' dir='ltr'><strong><em>τῷ</em></strong></span> <span class='ocrx_word' id='word_1_69' title='bbox 117 1080 177 1148; x_wconf 85' lang='grc' dir='ltr'><strong><em>καὶ</em></strong></span> <span class='ocrx_word' id='word_1_70' title='bbox 197 1078 279 1167; x_wconf 81' lang='grc' dir='ltr'><strong><em>μήτε</em></strong></span> <span class='ocrx_word' id='word_1_71' title='bbox 292 1075 355 1167; x_wconf 73' lang='grc' dir='ltr'><strong><em>τὴν</em></strong></span> <span class='ocrx_word' id='word_1_72' title='bbox 369 1085 515 1167; x_wconf 77' lang='grc' dir='ltr'><strong><em>πατρίδα</em></strong></span> <span class='ocrx_word' id='word_1_73' title='bbox 528 1081 845 1168; x_wconf 70' lang='grc' dir='ltr'><strong><em>κατασκαπτομένην</em></strong></span> <span class='ocrx_word' id='word_1_74' title='bbox 860 1083 1022 1167; x_wconf 80' lang='grc' dir='ltr'><strong><em>περιορᾶν</em></strong></span> 
     </span>
     <span class='ocr_line' id='line_1_11' title="bbox 46 1178 1072 1270; baseline 0.004 -20"><span class='ocrx_word' id='word_1_75' title='bbox 46 1178 139 1270; x_wconf 80' lang='grc' dir='ltr'><strong><em>μήτε</em></strong></span> <span class='ocrx_word' id='word_1_76' title='bbox 151 1179 231 1260; x_wconf 80' lang='grc' dir='ltr'><strong><em>τούς</em></strong></span> <span class='ocrx_word' id='word_1_77' title='bbox 244 1181 527 1268; x_wconf 72' lang='grc' dir='ltr'><strong><em>ἐπιφανεστάτους</em></strong></span> <span class='ocrx_word' id='word_1_78' title='bbox 540 1187 610 1251; x_wconf 77' lang='grc' dir='ltr'><strong><em>τῶν</em></strong></span> <span class='ocrx_word' id='word_1_79' title='bbox 622 1185 768 1251; x_wconf 73' lang='grc' dir='ltr'><strong><em>πολιτῶν</em></strong></span> <span class='ocrx_word' id='word_1_80' title='bbox 781 1183 836 1250; x_wconf 79' lang='grc' dir='ltr'><strong><em>ἐπὶ</em></strong></span> <span class='ocrx_word' id='word_1_81' title='bbox 848 1186 1022 1270; x_wconf 75' lang='grc' dir='ltr'><strong><em>τιμωρίαις</em></strong></span> <span class='ocrx_word' id='word_1_82' title='bbox 1039 1205 1072 1255; x_wconf 84' lang='lat'><strong><em>10</em></strong></span> 
     </span>
    </p>

    <p class='ocr_par' dir='ltr' id='par_1_3' title="bbox 20 1280 1021 1476">
     <span class='ocr_line' id='line_1_12' title="bbox 20 1280 1019 1374; baseline 0.002 -22"><span class='ocrx_word' id='word_1_83' title='bbox 20 1309 22 1314; x_wconf 91' lang='lat'>·</span> <span class='ocrx_word' id='word_1_84' title='bbox 48 1284 381 1372; x_wconf 73' lang='grc' dir='ltr'><strong><em>συναρπαζομένους.</em></strong></span> <span class='ocrx_word' id='word_1_85' title='bbox 400 1289 544 1374; x_wconf 75' lang='grc' dir='ltr'><strong><em>ταραχῆς</em></strong></span> <span class='ocrx_word' id='word_1_86' title='bbox 560 1283 783 1373; x_wconf 74' lang='grc' dir='ltr'><strong><em>δέγινομένης</em></strong></span> <span class='ocrx_word' id='word_1_87' title='bbox 794 1280 879 1354; x_wconf 76' lang='grc' dir='ltr'><strong><em>κατὰ</em></strong></span> <span class='ocrx_word' id='word_1_88' title='bbox 889 1280 952 1372; x_wconf 78' lang='grc' dir='ltr'><strong><em>τὴν</em></strong></span> <span class='ocrx_word' id='word_1_89' title='bbox 966 1284 1019 1354; x_wconf 88' lang='grc' dir='ltr'><strong><em>ἐκ·</em></strong></span> 
     </span>
     <span class='ocr_line' id='line_1_13' title="bbox 49 1382 1021 1476; baseline -0.004 -18"><span class='ocrx_word' id='word_1_90' title='bbox 49 1393 200 1476; x_wconf 88' lang='grc' dir='ltr'><strong><em>κλησίαν</em></strong></span> <span class='ocrx_word' id='word_1_91' title='bbox 213 1391 272 1454; x_wconf 91' lang='grc' dir='ltr'><strong><em>καί</em></strong></span> <span class='ocrx_word' id='word_1_92' title='bbox 283 1411 388 1456; x_wconf 88' lang='grc' dir='ltr'><strong><em>τινων</em></strong></span> <span class='ocrx_word' id='word_1_93' title='bbox 407 1386 550 1475; x_wconf 81' lang='grc' dir='ltr'><strong><em>φεύγειν</em></strong></span> <span class='ocrx_word' id='word_1_94' title='bbox 571 1387 627 1456; x_wconf 74' lang='grc' dir='ltr'><strong><em>ἐπὶ</em></strong></span> <span class='ocrx_word' id='word_1_95' title='bbox 646 1384 687 1456; x_wconf 80' lang='grc' dir='ltr'><strong><em>τὰ</em></strong></span> <span class='ocrx_word' id='word_1_96' title='bbox 707 1383 795 1457; x_wconf 82' lang='grc' dir='ltr'><strong><em>ὅπλα</em></strong></span> <span class='ocrx_word' id='word_1_97' title='bbox 816 1382 1021 1476; x_wconf 74' lang='grc' dir='ltr'><strong><em>ὡρμηκότων</em></strong></span> 
     </span>
    </p>

    <p class='ocr_par' dir='ltr' id='par_1_4' title="bbox 9 1484 1071 2603">
     <span class='ocr_line' id='line_1_14' title="bbox 9 1484 1022 1582; baseline 0.003 -28"><span class='ocrx_word' id='word_1_98' title='bbox 9 1503 31 1555; x_wconf 80' lang='grc' dir='ltr'><strong><em>ῖ1</em></strong></span> <span class='ocrx_word' id='word_1_99' title='bbox 50 1493 88 1558; x_wconf 82' lang='grc' dir='ltr'><strong><em>οῖ</em></strong></span> <span class='ocrx_word' id='word_1_100' title='bbox 109 1488 457 1582; x_wconf 74' lang='grc' dir='ltr'><strong><em>περιεστεφανωκότες</em></strong></span> <span class='ocrx_word' id='word_1_101' title='bbox 479 1487 540 1560; x_wconf 84' lang='grc' dir='ltr'><strong><em>τόν</em></strong></span> <span class='ocrx_word' id='word_1_102' title='bbox 563 1484 663 1576; x_wconf 81' lang='grc' dir='ltr'><strong><em>ὄχλον</em></strong></span> <span class='ocrx_word' id='word_1_103' title='bbox 689 1485 854 1577; x_wconf 75' lang='grc' dir='ltr'><strong><em>ἀρθέντος</em></strong></span> <span class='ocrx_word' id='word_1_104' title='bbox 881 1493 1022 1576; x_wconf 86' lang='grc' dir='ltr'><strong><em>σημείου</em></strong></span> 
     </span>
     <span class='ocr_line' id='line_1_15' title="bbox 51 1587 1021 1686; baseline -0.002 -26"><span class='ocrx_word' id='word_1_105' title='bbox 51 1589 149 1686; x_wconf 82' lang='grc' dir='ltr'><strong><em>τινός</em></strong></span> <span class='ocrx_word' id='word_1_106' title='bbox 174 1587 316 1678; x_wconf 89' lang='grc' dir='ltr'><strong><em>ἀνέσχον</em></strong></span> <span class='ocrx_word' id='word_1_107' title='bbox 340 1589 382 1661; x_wconf 79' lang='grc' dir='ltr'><strong><em>κά</em></strong></span> <span class='ocrx_word' id='word_1_108' title='bbox 408 1596 499 1681; x_wconf 85' lang='grc' dir='ltr'><strong><em>ξίφη.</em></strong></span> <span class='ocrx_word' id='word_1_109' title='bbox 540 1590 740 1680; x_wconf 82' lang='grc' dir='ltr'><strong><em>περιφόβων</em></strong></span> <span class='ocrx_word' id='word_1_110' title='bbox 764 1591 803 1660; x_wconf 68' lang='grc' dir='ltr'><strong><em>δέ</em></strong></span> <span class='ocrx_word' id='word_1_111' title='bbox 828 1591 1021 1678; x_wconf 85' lang='grc' dir='ltr'><strong><em>γενομένων</em></strong></span> 
     </span>
     <span class='ocr_line' id='line_1_16' title="bbox 52 1689 1070 1775; baseline -0.004 -11"><span class='ocrx_word' id='word_1_112' title='bbox 52 1691 217 1764; x_wconf 78' lang='grc' dir='ltr'><strong><em>ἁπάντων</em></strong></span> <span class='ocrx_word' id='word_1_113' title='bbox 235 1690 380 1775; x_wconf 76' lang='grc' dir='ltr'><strong><em>ἀναστὰς</em></strong></span> <span class='ocrx_word' id='word_1_114' title='bbox 399 1689 533 1766; x_wconf 86' lang='grc' dir='ltr'><strong><em>πάλινὸ</em></strong></span> <span class='ocrx_word' id='word_1_115' title='bbox 553 1694 678 1774; x_wconf 82' lang='grc' dir='ltr'><strong><em>Τύλλος</em></strong></span> <span class='ocrx_word' id='word_1_116' title='bbox 697 1693 810 1763; x_wconf 81' lang='grc' dir='ltr'><strong><em>εἶπεν·</em></strong></span> <span class='ocrx_word' id='word_1_117' title='bbox 835 1690 949 1763; x_wconf 76' lang='grc' dir='ltr'><strong><em>Ούδδν</em></strong></span> <span class='ocrx_word' id='word_1_118' title='bbox 969 1697 1020 1761; x_wconf 85' lang='grc' dir='ltr'><strong><em>ἐτι</em></strong></span> <span class='ocrx_word' id='word_1_119' title='bbox 1038 1711 1070 1760; x_wconf 81' lang='lat'><strong><em>15</em></strong></span> 
     </span>
     <span class='ocr_line' id='line_1_17' title="bbox 55 1791 1021 1886; baseline -0.001 -21"><span class='ocrx_word' id='word_1_120' title='bbox 55 1799 185 1880; x_wconf 78' lang='grc' dir='ltr'><strong><em>ἔξεστιν</em></strong></span> <span class='ocrx_word' id='word_1_121' title='bbox 198 1791 283 1884; x_wconf 85' lang='grc' dir='ltr'><strong><em>ύμῖν</em></strong></span> <span class='ocrx_word' id='word_1_122' title='bbox 301 1805 510 1886; x_wconf 75' lang='grc' dir='ltr'><strong><em>νεωτερίζειν</em></strong></span> <span class='ocrx_word' id='word_1_123' title='bbox 529 1793 610 1866; x_wconf 70' lang='grc' dir='ltr'><strong><em>ούδδ</em></strong></span> <span class='ocrx_word' id='word_1_124' title='bbox 623 1795 880 1886; x_wconf 80' lang='grc' dir='ltr'><strong><em>ἐξαμαρτάνειν,</em></strong></span> <span class='ocrx_word' id='word_1_125' title='bbox 897 1791 1021 1883; x_wconf 82' lang='grc' dir='ltr'><strong><em>ἄνδρες</em></strong></span> 
     </span>
     <span class='ocr_line' id='line_1_18' title="bbox 50 1895 1022 1989; baseline -0.003 -20"><span class='ocrx_word' id='word_1_126' title='bbox 50 1897 219 1987; x_wconf 83' lang='grc' dir='ltr'><strong><em>Ἀλβανοί.</em></strong></span> <span class='ocrx_word' id='word_1_127' title='bbox 247 1902 278 1968; x_wconf 87' lang='grc' dir='ltr'><strong><em>εί</em></strong></span> <span class='ocrx_word' id='word_1_128' title='bbox 289 1898 355 1989; x_wconf 77' lang='grc' dir='ltr'><strong><em>γὰρ</em></strong></span> <span class='ocrx_word' id='word_1_129' title='bbox 367 1895 411 1970; x_wconf 84' lang='grc' dir='ltr'><strong><em>ἀν</em></strong></span> <span class='ocrx_word' id='word_1_130' title='bbox 423 1914 624 1989; x_wconf 71' lang='grc' dir='ltr'><strong><em>παρακινεῖν</em></strong></span> <span class='ocrx_word' id='word_1_131' title='bbox 636 1926 669 1969; x_wconf 87' lang='grc' dir='ltr'><strong><em>τι</em></strong></span> <span class='ocrx_word' id='word_1_132' title='bbox 681 1897 883 1989; x_wconf 84' lang='grc' dir='ltr'><strong><em>τολμήσητε,</em></strong></span> <span class='ocrx_word' id='word_1_133' title='bbox 897 1895 1022 1975; x_wconf 87' lang='grc' dir='ltr'><strong><em>πάυτες</em></strong></span> 
     </span>
     <span class='ocr_line' id='line_1_19' title="bbox 55 1996 1019 2089; baseline -0.005 -18"><span class='ocrx_word' id='word_1_134' title='bbox 55 2000 238 2071; x_wconf 75' lang='grc' dir='ltr'><strong><em>ἀπολεῖσθε</em></strong></span> <span class='ocrx_word' id='word_1_135' title='bbox 259 1996 324 2071; x_wconf 83' lang='grc' dir='ltr'><strong><em>ύπδ</em></strong></span> <span class='ocrx_word' id='word_1_136' title='bbox 346 2003 490 2073; x_wconf 83' lang='grc' dir='ltr'><strong><em>τούτων·</em></strong></span> <span class='ocrx_word' id='word_1_137' title='bbox 512 2004 622 2083; x_wconf 88' lang='grc' dir='ltr'><strong><em>δείξας</em></strong></span> <span class='ocrx_word' id='word_1_138' title='bbox 635 2000 713 2082; x_wconf 86' lang='grc' dir='ltr'><strong><em>τούς</em></strong></span> <span class='ocrx_word' id='word_1_139' title='bbox 726 2010 861 2089; x_wconf 80' lang='grc' dir='ltr'><strong><em>ἔχοντας</em></strong></span> <span class='ocrx_word' id='word_1_140' title='bbox 873 1998 915 2068; x_wconf 80' lang='grc' dir='ltr'><strong><em>τὰ</em></strong></span> <span class='ocrx_word' id='word_1_141' title='bbox 928 2002 1019 2089; x_wconf 86' lang='grc' dir='ltr'><strong><em>ξίφη.</em></strong></span> 
     </span>
     <span class='ocr_line' id='line_1_20' title="bbox 56 2094 1020 2195; baseline -0.004 -21"><span class='ocrx_word' id='word_1_142' title='bbox 56 2107 198 2192; x_wconf 85' lang='grc' dir='ltr'><strong><em>δέχεσθε</em></strong></span> <span class='ocrx_word' id='word_1_143' title='bbox 212 2094 275 2174; x_wconf 78' lang='grc' dir='ltr'><strong><em>οὖν</em></strong></span> <span class='ocrx_word' id='word_1_144' title='bbox 287 2103 328 2175; x_wconf 81' lang='grc' dir='ltr'><strong><em>τὰ</em></strong></span> <span class='ocrx_word' id='word_1_145' title='bbox 343 2103 502 2195; x_wconf 74' lang='grc' dir='ltr'><strong><em>διδόμενα</em></strong></span> <span class='ocrx_word' id='word_1_146' title='bbox 516 2106 573 2173; x_wconf 86' lang='grc' dir='ltr'><strong><em>καλ</em></strong></span> <span class='ocrx_word' id='word_1_147' title='bbox 591 2111 731 2191; x_wconf 79' lang='grc' dir='ltr'><strong><em>γίνεσθε</em></strong></span> <span class='ocrx_word' id='word_1_148' title='bbox 744 2100 810 2171; x_wconf 87' lang='grc' dir='ltr'><strong><em>ἀπό</em></strong></span> <span class='ocrx_word' id='word_1_149' title='bbox 823 2105 885 2171; x_wconf 86' lang='grc' dir='ltr'><strong><em>τοῦ</em></strong></span> <span class='ocrx_word' id='word_1_150' title='bbox 897 2100 1020 2191; x_wconf 88' lang='grc' dir='ltr'><strong><em>χρόνον</em></strong></span> 
     </span>
     <span class='ocr_line' id='line_1_21' title="bbox 55 2199 1071 2295; baseline -0.001 -18"><span class='ocrx_word' id='word_1_151' title='bbox 55 2212 156 2277; x_wconf 80' lang='grc' dir='ltr'><strong><em>τοῦδε</em></strong></span> <span class='ocrx_word' id='word_1_152' title='bbox 178 2202 348 2295; x_wconf 84' lang='grc' dir='ltr'><strong><em>Ῥωμαῖοι.</em></strong></span> <span class='ocrx_word' id='word_1_153' title='bbox 393 2214 489 2279; x_wconf 86' lang='grc' dir='ltr'><strong><em>δυεῖν</em></strong></span> <span class='ocrx_word' id='word_1_154' title='bbox 514 2203 579 2295; x_wconf 85' lang='grc' dir='ltr'><strong><em>γάρ</em></strong></span> <span class='ocrx_word' id='word_1_155' title='bbox 606 2204 736 2293; x_wconf 75' lang='grc' dir='ltr'><strong><em>ἀνάγκη</em></strong></span> <span class='ocrx_word' id='word_1_156' title='bbox 761 2205 910 2294; x_wconf 87' lang='grc' dir='ltr'><strong><em>θάτερον</em></strong></span> <span class='ocrx_word' id='word_1_157' title='bbox 933 2199 1071 2292; x_wconf 52' lang='lat' dir='ltr'><strong><em>&amp;admo</em></strong></span> 
     </span>
     <span class='ocr_line' id='line_1_22' title="bbox 57 2304 1021 2398; baseline -0.005 -17"><span class='ocrx_word' id='word_1_158' title='bbox 57 2323 167 2381; x_wconf 86' lang='grc' dir='ltr'><strong><em>ποιεῖν</em></strong></span> <span class='ocrx_word' id='word_1_159' title='bbox 194 2305 365 2398; x_wconf 71' lang='grc' dir='ltr'><strong><em>η”Ρύμην</em></strong></span> <span class='ocrx_word' id='word_1_160' title='bbox 394 2323 564 2381; x_wconf 81' lang='grc' dir='ltr'><strong><em>κατοικεῖν</em></strong></span> <span class='ocrx_word' id='word_1_161' title='bbox 590 2304 613 2397; x_wconf 79' lang='grc' dir='ltr'><em>ἢ</em></span> <span class='ocrx_word' id='word_1_162' title='bbox 630 2313 797 2397; x_wconf 91' lang='grc' dir='ltr'><strong><em>μηδεμίαν</em></strong></span> <span class='ocrx_word' id='word_1_163' title='bbox 816 2308 934 2394; x_wconf 80' lang='grc' dir='ltr'><strong><em>ἑτέραν</em></strong></span> <span class='ocrx_word' id='word_1_164' title='bbox 955 2309 1021 2395; x_wconf 79' lang='grc' dir='ltr'><strong><em>γῆν</em></strong></span> 
     </span>
     <span class='ocr_line' id='line_1_23' title="bbox 58 2403 1019 2501; baseline -0.004 -20"><span class='ocrx_word' id='word_1_165' title='bbox 58 2421 147 2501; x_wconf 77' lang='grc' dir='ltr'><strong><em>ἔχειν</em></strong></span> <span class='ocrx_word' id='word_1_166' title='bbox 166 2417 321 2499; x_wconf 89' lang='grc' dir='ltr'><strong><em>πατρίδα.</em></strong></span> <span class='ocrx_word' id='word_1_167' title='bbox 364 2422 488 2499; x_wconf 78' lang='grc' dir='ltr'><strong><em>οἴχεται</em></strong></span> <span class='ocrx_word' id='word_1_168' title='bbox 507 2409 571 2500; x_wconf 77' lang='grc' dir='ltr'><strong><em>γὰρ</em></strong></span> <span class='ocrx_word' id='word_1_169' title='bbox 592 2412 705 2479; x_wconf 79' lang='grc' dir='ltr'><strong><em>ἕωθεν</em></strong></span> <span class='ocrx_word' id='word_1_170' title='bbox 728 2410 937 2498; x_wconf 79' lang='grc' dir='ltr'><strong><em>ἐκπεμφθεὶς</em></strong></span> <span class='ocrx_word' id='word_1_171' title='bbox 956 2403 1019 2477; x_wconf 75' lang='grc' dir='ltr'><strong><em>ἀπ’</em></strong></span> 
     </span>
     <span class='ocr_line' id='line_1_24' title="bbox 59 2507 1020 2603; baseline -0.007 -18"><span class='ocrx_word' id='word_1_172' title='bbox 59 2517 140 2603; x_wconf 82' lang='grc' dir='ltr'><strong><em>ἐμοῦ</em></strong></span> <span class='ocrx_word' id='word_1_173' title='bbox 154 2512 294 2602; x_wconf 86' lang='grc' dir='ltr'><strong><em>Μάρκος</em></strong></span> <span class='ocrx_word' id='word_1_174' title='bbox 304 2510 451 2602; x_wconf 79' lang='grc' dir='ltr'><strong><em>Ὀρότιος</em></strong></span> <span class='ocrx_word' id='word_1_175' title='bbox 466 2509 666 2601; x_wconf 80' lang='grc' dir='ltr'><strong><em>Ιἀναιρήσων</em></strong></span> <span class='ocrx_word' id='word_1_176' title='bbox 678 2511 741 2601; x_wconf 78' lang='grc' dir='ltr'><strong><em>τὴν</em></strong></span> <span class='ocrx_word' id='word_1_177' title='bbox 753 2510 854 2582; x_wconf 90' lang='grc' dir='ltr'><strong><em>πόλιν</em></strong></span> <span class='ocrx_word' id='word_1_178' title='bbox 872 2507 969 2598; x_wconf 71' lang='grc' dir='ltr'><strong><em>ὑμῶν</em></strong></span> <span class='ocrx_word' id='word_1_179' title='bbox 982 2512 1020 2579; x_wconf 89' lang='grc' dir='ltr'><strong><em>ἐκ</em></strong></span> 
     </span>
    </p>

    <p class='ocr_par' dir='ltr' id='par_1_5' title="bbox 9 2608 1070 2808">
     <span class='ocr_line' id='line_1_25' title="bbox 9 2608 1022 2705; baseline 0 -22"><span class='ocrx_word' id='word_1_180' title='bbox 9 2676 11 2683; x_wconf 85' lang='grc'><strong><em>.</em></strong></span> <span class='ocrx_word' id='word_1_181' title='bbox 58 2621 225 2705; x_wconf 86' lang='grc' dir='ltr'><strong><em>θεμελίων</em></strong></span> <span class='ocrx_word' id='word_1_182' title='bbox 253 2616 309 2685; x_wconf 84' lang='grc' dir='ltr'><strong><em>καλ</em></strong></span> <span class='ocrx_word' id='word_1_183' title='bbox 331 2614 409 2696; x_wconf 81' lang='grc' dir='ltr'><strong><em>τούς</em></strong></span> <span class='ocrx_word' id='word_1_184' title='bbox 431 2614 637 2705; x_wconf 74' lang='grc' dir='ltr'><strong><em>ἀνθρώπους</em></strong></span> <span class='ocrx_word' id='word_1_185' title='bbox 656 2611 803 2696; x_wconf 74' lang='grc' dir='ltr'><strong><em>ἅπαντας</em></strong></span> <span class='ocrx_word' id='word_1_186' title='bbox 823 2620 870 2695; x_wconf 89' lang='grc' dir='ltr'><strong><em>είς</em></strong></span> <span class='ocrx_word' id='word_1_187' title='bbox 885 2608 1022 2703; x_wconf 79' lang='grc' dir='ltr'><strong><em>Ῥύμην</em></strong></span> 
     </span>
     <span class='ocr_line' id='line_1_26' title="bbox 59 2709 1070 2808; baseline -0.005 -19"><span class='ocrx_word' id='word_1_188' title='bbox 59 2717 216 2808; x_wconf 82' lang='grc' dir='ltr'><strong><em>μετάξων.</em></strong></span> <span class='ocrx_word' id='word_1_189' title='bbox 252 2722 356 2787; x_wconf 84' lang='grc' dir='ltr'><strong><em>ταῦτα</em></strong></span> <span class='ocrx_word' id='word_1_190' title='bbox 375 2709 438 2788; x_wconf 86' lang='grc' dir='ltr'><strong><em>οὖν</em></strong></span> <span class='ocrx_word' id='word_1_191' title='bbox 453 2717 576 2798; x_wconf 75' lang='grc' dir='ltr'><strong><em>εἰδότες</em></strong></span> <span class='ocrx_word' id='word_1_192' title='bbox 596 2714 677 2787; x_wconf 83' lang='grc' dir='ltr'><strong><em>ὅσον</em></strong></span> <span class='ocrx_word' id='word_1_193' title='bbox 696 2714 791 2787; x_wconf 79' lang='grc' dir='ltr'><strong><em>ον”πω</em></strong></span> <span class='ocrx_word' id='word_1_194' title='bbox 812 2714 1020 2806; x_wconf 86' lang='grc' dir='ltr'><strong><em>γενησόμενα</em></strong></span> <span class='ocrx_word' id='word_1_195' title='bbox 1036 2740 1070 2791; x_wconf 81' lang='lat'><strong><em>25</em></strong></span> 
     </span>
    </p>

    <p class='ocr_par' dir='ltr' id='par_1_6' title="bbox 10 2818 1020 3219">
     <span class='ocr_line' id='line_1_27' title="bbox 10 2818 1019 2915; baseline -0.006 -24"><span class='ocrx_word' id='word_1_196' title='bbox 10 2821 16 2825; x_wconf 47' lang='lat'>⁵</span> <span class='ocrx_word' id='word_1_197' title='bbox 60 2820 234 2891; x_wconf 88' lang='grc' dir='ltr'><strong><em>παύσασθε</em></strong></span> <span class='ocrx_word' id='word_1_198' title='bbox 263 2826 479 2915; x_wconf 78' lang='grc' dir='ltr'><strong><em>θανατῶντες</em></strong></span> <span class='ocrx_word' id='word_1_199' title='bbox 504 2822 561 2891; x_wconf 82' lang='grc' dir='ltr'><strong><em>καὶ</em></strong></span> <span class='ocrx_word' id='word_1_200' title='bbox 587 2834 713 2889; x_wconf 83' lang='grc' dir='ltr'><strong><em>ποιεῖτε</em></strong></span> <span class='ocrx_word' id='word_1_201' title='bbox 736 2818 778 2890; x_wconf 80' lang='grc' dir='ltr'><strong><em>τὰ</em></strong></span> <span class='ocrx_word' id='word_1_202' title='bbox 804 2818 1019 2907; x_wconf 89' lang='grc' dir='ltr'><strong><em>κελευόμενα.</em></strong></span> 
     </span>
     <span class='ocr_line' id='line_1_28' title="bbox 61 2917 1017 3011; baseline -0.004 -18"><span class='ocrx_word' id='word_1_203' title='bbox 61 2926 206 2993; x_wconf 80' lang='grc' dir='ltr'><strong><em>Μέττιον</em></strong></span> <span class='ocrx_word' id='word_1_204' title='bbox 220 2922 257 2991; x_wconf 74' lang='grc' dir='ltr'><strong><em>δέ</em></strong></span> <span class='ocrx_word' id='word_1_205' title='bbox 272 2924 484 3010; x_wconf 87' lang='grc' dir='ltr'><strong><em>Φουφέττιον</em></strong></span> <span class='ocrx_word' id='word_1_206' title='bbox 503 2918 643 3011; x_wconf 70' lang='grc' dir='ltr'><strong><em>ἀφανεῖς</em></strong></span> <span class='ocrx_word' id='word_1_207' title='bbox 662 2950 698 2992; x_wconf 92' lang='grc' dir='ltr'><strong><em>τε</em></strong></span> <span class='ocrx_word' id='word_1_208' title='bbox 719 2917 800 3010; x_wconf 80' lang='grc' dir='ltr'><strong><em>ἡμῖν</em></strong></span> <span class='ocrx_word' id='word_1_209' title='bbox 819 2918 1017 3008; x_wconf 74' lang='grc' dir='ltr'><strong><em>ἐπιβουλεύ-</em></strong></span> 
     </span>
     <span class='ocr_line' id='line_1_29' title="bbox 61 3020 1018 3113; baseline -0.004 -18"><span class='ocrx_word' id='word_1_210' title='bbox 61 3048 160 3095; x_wconf 87' lang='grc' dir='ltr'><strong><em>σαντα</em></strong></span> <span class='ocrx_word' id='word_1_211' title='bbox 173 3025 229 3095; x_wconf 82' lang='grc' dir='ltr'><strong><em>καὶ</em></strong></span> <span class='ocrx_word' id='word_1_212' title='bbox 244 3022 325 3095; x_wconf 74' lang='grc' dir='ltr'><strong><em>ούδλ</em></strong></span> <span class='ocrx_word' id='word_1_213' title='bbox 335 3031 401 3096; x_wconf 88' lang='grc' dir='ltr'><strong><em>νύν</em></strong></span> <span class='ocrx_word' id='word_1_214' title='bbox 411 3020 601 3113; x_wconf 73' lang='grc' dir='ltr'><strong><em>ὀκνήσαντα</em></strong></span> <span class='ocrx_word' id='word_1_215' title='bbox 614 3026 669 3095; x_wconf 78' lang='grc' dir='ltr'><strong><em>ἐπὶ</em></strong></span> <span class='ocrx_word' id='word_1_216' title='bbox 681 3022 721 3095; x_wconf 81' lang='grc' dir='ltr'><strong><em>τὰ</em></strong></span> <span class='ocrx_word' id='word_1_217' title='bbox 731 3023 817 3093; x_wconf 88' lang='grc' dir='ltr'><strong><em>ὅπλα</em></strong></span> <span class='ocrx_word' id='word_1_218' title='bbox 826 3021 904 3103; x_wconf 83' lang='grc' dir='ltr'><strong><em>τούς</em></strong></span> <span class='ocrx_word' id='word_1_219' title='bbox 916 3048 1018 3109; x_wconf 83' lang='grc' dir='ltr'><strong><em>ταρα·</em></strong></span> 
     </span>
     <span class='ocr_line' id='line_1_30' title="bbox 61 3125 1020 3219; baseline -0.005 -20"><span class='ocrx_word' id='word_1_220' title='bbox 61 3126 175 3219; x_wconf 85' lang='grc' dir='ltr'><strong><em>χόδεις</em></strong></span> <span class='ocrx_word' id='word_1_221' title='bbox 188 3128 244 3195; x_wconf 86' lang='grc' dir='ltr'><strong><em>καλ</em></strong></span> <span class='ocrx_word' id='word_1_222' title='bbox 261 3126 459 3209; x_wconf 81' lang='grc' dir='ltr'><strong><em>στασιαστὰς</em></strong></span> <span class='ocrx_word' id='word_1_223' title='bbox 472 3136 589 3201; x_wconf 89' lang='grc' dir='ltr'><strong><em>καλεῖν</em></strong></span> <span class='ocrx_word' id='word_1_224' title='bbox 606 3125 832 3216; x_wconf 79' lang='grc' dir='ltr'><strong><em>τιμωρήσομαι</em></strong></span> <span class='ocrx_word' id='word_1_225' title='bbox 846 3129 903 3212; x_wconf 80' lang='grc' dir='ltr'><strong><em>τῆς</em></strong></span> <span class='ocrx_word' id='word_1_226' title='bbox 915 3129 1020 3210; x_wconf 78' lang='grc' dir='ltr'><strong><em>κακῆς</em></strong></span> 
     </span>
    </p>

    <p class='ocr_par' dir='ltr' id='par_1_7' title="bbox 9 3224 1071 3531">
     <span class='ocr_line' id='line_1_31' title="bbox 9 3224 1071 3321; baseline -0.003 -23"><span class='ocrx_word' id='word_1_227' title='bbox 9 3246 48 3298; x_wconf 75' lang='lat'><strong><em>502</em></strong></span> <span class='ocrx_word' id='word_1_228' title='bbox 64 3232 118 3319; x_wconf 77' lang='grc' dir='ltr'><strong><em>καὶ</em></strong></span> <span class='ocrx_word' id='word_1_229' title='bbox 131 3235 245 3300; x_wconf 88' lang='grc' dir='ltr'><strong><em>δολίου</em></strong></span> <span class='ocrx_word' id='word_1_230' title='bbox 256 3236 364 3321; x_wconf 76' lang='grc' dir='ltr'><strong><em>ψυχῆς</em></strong></span> <span class='ocrx_word' id='word_1_231' title='bbox 376 3229 483 3317; x_wconf 87' lang='grc' dir='ltr'><strong><em>ἀξίως.</em></strong></span> <span class='ocrx_word' id='word_1_232' title='bbox 505 3236 611 3303; x_wconf 87' lang='grc' dir='ltr'><strong><em>ταύτα</em></strong></span> <span class='ocrx_word' id='word_1_233' title='bbox 624 3234 777 3314; x_wconf 79' lang='grc' dir='ltr'><strong><em>λέξαντος</em></strong></span> <span class='ocrx_word' id='word_1_234' title='bbox 790 3224 894 3297; x_wconf 86' lang='grc' dir='ltr'><strong><em>αύτού</em></strong></span> <span class='ocrx_word' id='word_1_235' title='bbox 907 3224 945 3296; x_wconf 86' lang='grc' dir='ltr'><strong><em>τὸ</em></strong></span> <span class='ocrx_word' id='word_1_236' title='bbox 956 3224 1020 3316; x_wconf 64' lang='grc' dir='ltr'><strong><em>μὲν</em></strong></span> <span class='ocrx_word' id='word_1_237' title='bbox 1036 3242 1071 3295; x_wconf 81' lang='grc' dir='ltr'><strong><em>ῖσ</em></strong></span> 
     </span>
     <span class='ocr_line' id='line_1_32' title="bbox 65 3325 1021 3424; baseline -0.008 -20"><span class='ocrx_word' id='word_1_238' title='bbox 65 3332 293 3423; x_wconf 74' lang='grc' dir='ltr'><strong><em>ἐρεθιζόμενον</em></strong></span> <span class='ocrx_word' id='word_1_239' title='bbox 317 3342 374 3424; x_wconf 80' lang='grc' dir='ltr'><strong><em>τῆς</em></strong></span> <span class='ocrx_word' id='word_1_240' title='bbox 399 3340 575 3423; x_wconf 86' lang='grc' dir='ltr'><strong><em>ἐκκλησίας</em></strong></span> <span class='ocrx_word' id='word_1_241' title='bbox 602 3337 701 3424; x_wconf 84' lang='grc' dir='ltr'><strong><em>μέρος</em></strong></span> <span class='ocrx_word' id='word_1_242' title='bbox 727 3334 885 3420; x_wconf 78' lang='grc' dir='ltr'><strong><em>ἔπτηξεν,</em></strong></span> <span class='ocrx_word' id='word_1_243' title='bbox 899 3325 954 3399; x_wconf 80' lang='grc' dir='ltr'><strong><em>οἷα</em></strong></span> <span class='ocrx_word' id='word_1_244' title='bbox 977 3327 1021 3416; x_wconf 69' lang='grc' dir='ltr'><strong><em>δι’]</em></strong></span> 
     </span>
     <span class='ocr_line' id='line_1_33' title="bbox 66 3433 1021 3531; baseline -0.005 -23"><span class='ocrx_word' id='word_1_245' title='bbox 66 3436 287 3529; x_wconf 85' lang='grc' dir='ltr'><strong><em>κρατούμενον</em></strong></span> <span class='ocrx_word' id='word_1_246' title='bbox 308 3435 437 3529; x_wconf 80' lang='grc' dir='ltr'><strong><em>ἀνάγκη</em></strong></span> <span class='ocrx_word' id='word_1_247' title='bbox 464 3433 623 3531; x_wconf 75' lang='grc' dir='ltr'><strong><em>ἀφύκτῳ,</em></strong></span> <span class='ocrx_word' id='word_1_248' title='bbox 655 3433 715 3505; x_wconf 84' lang='grc' dir='ltr'><strong><em>τόν</em></strong></span> <span class='ocrx_word' id='word_1_249' title='bbox 742 3434 780 3506; x_wconf 76' lang='grc' dir='ltr'><strong><em>δὲ</em></strong></span> <span class='ocrx_word' id='word_1_250' title='bbox 808 3434 1021 3523; x_wconf 81' lang='grc' dir='ltr'><strong><em>Φουφέττιον</em></strong></span> 
     </span>
    </p>
   </div>
   <div class='ocr_carea' id='block_1_3' title="bbox 0 0 1201 3850">
    <p class='ocr_par' dir='ltr' id='par_1_8' title="bbox 0 0 1201 3850">
     <span class='ocr_line' id='line_1_34' title="bbox 0 0 1201 3850; baseline 0 0"><span class='ocrx_word' id='word_1_251' title='bbox 0 0 1201 3850; x_wconf 95' lang='lat' dir='ltr'><strong><em> </em></strong></span> 
     </span>
    </p>
   </div>
  </div>
 </body>
</html>
