2367 3850
168 145 231 212 284
532 177 583 190 -
634 145 767 214 Γ’·-

167 309 367 398 κεκτημένος
403 305 511 390 άλλως
538 335 587 378 τε·
609 311 666 379 καὶ
697 313 756 398 τῆς
785 305 1000 396 ὀλιγαρχικῆς
1027 311 1128 384 οίιιίας

167 410 345 500 ὑπάρχων,
367 415 677 499 συνεσκευασμένος
695 411 758 500 τὴν
770 408 892 482 οόσίαν
906 409 990 497 ὅσην
1010 405 1080 488 οἷός
1100 404 1127 475 τ’
1149 427 1152 433 ·

168 505 212 604 ἦν
234 513 336 608 ᾤχετο
357 518 470 584 πλέων
491 517 529 584 έκ
549 520 608 604 τῆς
627 521 813 602 Κορίνθου.
850 522 936 600 ἔχων
957 511 995 580 δὲ
1016 517 1129 598 φίλους

169 617 312 698 πολλοὺς
340 619 396 686 καὶ
425 614 576 705 άγαθοός
604 622 789 708 Τυρρηνῶν
814 615 871 685 διά
896 613 956 696 τάς
982 627 1129 700 συνεχεῖς

136 737 152 788 5
170 723 347 810 ἐπιμιξίας,
362 719 503 808 μάλιστα
525 716 559 790 δ’
574 723 614 789 έν
630 727 831 810 Ταρκυνίοις
846 717 940 788 πόλει
954 715 1084 805 μεγάλη
1098 741 1128 783 τε

169 825 226 892 καὶ
240 820 414 912 εὐδαίμονι
428 822 501 894 τότε
515 819 618 912 οόση,
633 822 728 893 οἶκόν
739 849 777 892 τε
790 817 912 892 αὐτόθι
927 816 1128 888 κατασκευά-

169 933 256 1010 ζεται
270 927 327 994 καὶ
341 937 487 1014 γυνάλκα
500 923 648 1019 ἐπιφανῆ
661 924 746 995 κατά
759 927 858 1014 γένος
877 920 1006 1010 ἄγεται.
1040 947 1129 1008 γενο-

170 1029 282 1117 μένων
309 1025 342 1096 δ’
365 1024 456 1122 αὐτῷ
481 1033 578 1099 δνείν
607 1035 741 1098 παίδων
770 1020 966 1115 Τυρρηνικὰ
990 1025 1131 1112 θέμενος

170 1127 284 1210 αὐτοῖς
301 1125 463 1218 ὀνόματα,
489 1135 538 1224 τῷ
557 1129 811 1218 μὲνἍρροντα,
832 1134 881 1222 τῷ
896 1128 934 1198 δδ
947 1125 1130 1216 Λοκόμωνα

121 1255 153 1305 10
170 1235 226 1304 καὶ
239 1232 423 1313 παιδεύσας
440 1230 854 1323 άμφοτέρουςἛλληνικήν
872 1257 909 1301 τε
926 1232 985 1299 καὶ
1004 1238 1130 1317 Τυρρη-

169 1334 269 1424 νικὴν
282 1341 455 1422 παιδείαν,
471 1343 517 1416 είς
531 1333 658 1426 άνδρας
671 1331 834 1407 ἐλθοῦσιν
847 1331 960 1413 αὐτοῖς
970 1348 1133 1421 γυναῖκας
1175 1358 1177 1481 χ

171 1441 208 1508 έν
221 1441 291 1506 τεόν
304 1438 577 1524 ἐπιφανεστάτων
590 1449 696 1509 οἴκων
708 1439 881 1528 λαμβάνει.

139 1611 140 1614 ,
247 1537 449 1610 XXXXVII.
463 1543 531 1610 Καὶ
540 1539 614 1631 μετ’
624 1539 666 1611 οό
675 1541 784 1612 πολόν
792 1534 1023 1630 χρόνανὸμδν
1033 1560 1131 1628 πρεσ-
1176 1542 1178 1655 χ

171 1641 310 1732 βάτερος
332 1640 437 1714 αὐτοῦ
457 1649 525 1715 τάν
546 1649 680 1714 παίδων
700 1647 798 1734 γένος
819 1641 922 1714 οὐδὲν
941 1639 1133 1712 καταλιπόν
1176 1660 1177 1667 ’

122 1759 154 1810 15
173 1747 318 1834 ἐμφανὲς
338 1744 556 1837 άποθνήσκει.
592 1749 649 1816 καὶ
661 1743 745 1835 μετ’
760 1745 875 1834 ὀλίγας
894 1742 1022 1834 ἡμέρας
1037 1742 1133 1823 αὐτὸς
1177 1726 1179 1843 J

171 1845 189 1917 ὁ
209 1848 408 1938 Δημάρατος
428 1846 495 1919 ὑπὸ
510 1848 618 1938 λάπης
630 1856 770 1944 τελευτᾷ
782 1843 994 1940 κληρονόμον
1007 1843 1133 1936 άπάσης
1178 1908 1180 1950 χ

171 1956 229 2040 τῆς
249 1949 364 2031 οόσιάς
390 1950 450 2021 τόν
475 1954 753 2042 περιλειπόμενον
778 1958 847 2023 τοῖν
872 1958 1007 2022 παίδων
1029 1950 1131 2021 Λοκό·
1178 2017 1179 2022 ,

171 2082 267 2143 μωνοι
282 2056 493 2125 καταλιπόν·
512 2052 548 2135 δς
562 2054 766 2145 παραλαβών
780 2055 840 2126 τδν
853 2050 1019 2143 πατρικὸν
1032 2057 1132 2123 πλοά-

171 2182 231 2226 τον
245 2158 350 2245 μέγαν
370 2153 452 2227 ὄντα
474 2159 716 2229 πολιτεύεσθαί
736 2186 772 2227 τε
791 2161 848 2228 καὶ
862 2155 904 2226 τά
917 2155 1016 2226 κοινά
1031 2155 1130 2246 πράτ-

122 2274 156 2327 20
173 2286 244 2329 τειν
258 2262 314 2329 καὶ
335 2263 374 2330 έν
392 2276 460 2341 τοῖς
475 2260 619 2350 πράτοις
631 2267 699 2331 τεόν
716 2259 829 2330 άστοῖν
842 2260 936 2357 ,εἶναι
957 2258 1132 2351 προῄρητο.

172 2359 443 2449 ἀπελαυνόμενος
471 2364 508 2433 δὲ
531 2364 746 2452 πανταχόθεν
763 2359 831 2433 άπὸ
850 2368 920 2433 τάν
948 2366 1133 2453 ἐπιχωρίων
1146 2370 1180 2423 5⁴⁰

173 2466 230 2535 καὶ
245 2461 305 2553 οόχ
332 2462 423 2546 ὅπως
441 2468 479 2535 έν
496 2482 565 2547 τοῖς
592 2466 737 2555 πράτοις
762 2464 1030 2554 άριθμαόμενος,
1059 2460 1131 2534 ἀλλ’

173 2565 260 2635 οὐδ’·
281 2572 319 2636 έν
346 2586 416 2650 τοῖς
440 2568 566 2655 μέσοις,
597 2566 742 2658 άνιαρῶς
768 2576 869 2656 ἔφερε
896 2567 959 2657 τὴν
988 2565 1131 2656 άτιμίαν.

172 2665 307 2737 άιιοάων
329 2671 366 2739 δὲ
395 2672 472 2758 περὶ
492 2674 550 2759 τῆς
564 2666 743 2758 Ῥωμαίων
762 2671 907 2755 πόλεως,
934 2666 986 2739 ότι
1009 2670 1133 2749 πάντας

124 2786 156 2839 25
175 2769 325 2859 άσμίνως
337 2767 567 2862 ὑποδεχομένη
578 2772 656 2853 τοδς
666 2777 781 2856 ξένους
791 2770 912 2853 άστοδς
924 2790 1070 2843 ποιεῖται
1080 2774 1132 2841 καί

174 2878 253 2964 τιμᾷ
267 2870 350 2943 κατὰ
364 2873 425 2963 τὴν
439 2873 536 2959 άξίαν
548 2880 698 2963 ἕκαστον,
713 2879 785 2946 ἐκεῖ
795 2877 1063 2964 μετενέγκασθαι
1076 2872 1133 2963 τὴν

175 2988 306 3065 οἴκησιν
330 2983 416 3065 ἔγνω
435 2978 476 3045 τά
497 3005 533 3046 τε
553 2978 704 3067 χρήματα
717 2977 1133 3067 πάντασυσκευασάμενος

174 3082 231 3149 καὶ
250 3077 311 3168 τὴν
333 3094 477 3166 γυναῖκα
497 3081 703 3170 ἐπαγόμενος
724 3083 781 3150 καί
794 3085 864 3150 τεόν
888 3078 1002 3150 άλλων
1024 3089 1134 3168 φίλων

99 3186 103 3195 “
175 3184 232 3251 καὶ
251 3186 386 3251 οίκείων
407 3180 747 3272 τούςβονλομένονς·
775 3185 929 3271 έγένοντο
950 3183 987 3251 δὲ
1008 3188 1046 3253 οί
1054 3204 1132 3253 συν-

125 3300 158 3349 30
176 3290 332 3370 απαίρειν
351 3281 443 3377 αὐτῷ
469 3290 748 3373 προθυμηθέντες
772 3290 899 3371 συχνοί.
931 3281 975 3365 ὥς
995 3285 1033 3354 δὲ
1053 3284 1134 3356 κατὰ

108 3430 126 3460 a
176 3382 213 3450 τὸ
235 3385 442 3471 καλούμενον
463 3385 647 3457 Ἰανίκολον
665 3379 768 3476 ἦσαν,
789 3382 912 3475 όθενὴ
935 3383 1050 3477 Ῥιόμη
1070 3402 1135 3468 τοίς

178 3478 243 3549 άπὸ
261 3492 448 3575 Τυρρηνίας
467 3492 656 3580 ἐρχομένοις
675 3494 809 3579 πρῶτον
830 3486 1019 3580 άιγοράται,Ι
1035 3517 1133 3564 κατα-
