2367 3850
429 75 661 142 -ι-
983 79 1025 143 ιι

59 248 195 333 χωρίον)
217 250 282 315 καί
290 271 342 325 τις
361 239 475 315 αύτῶν
493 240 578 315 ίδδν
594 239 660 331 τὴν
672 239 839 313 λύκαιναν
852 234 899 322 ῶς
914 236 1023 331 ἠσπά-

62 358 128 432 ζετο
147 346 198 417 τὰ-
215 349 328 437 βρέφη
350 346 433 428 τέως
450 346 512 435 μέν
528 342 652 434 ἀχανὴς
663 336 709 434 ἦν
727 340 796 414 ύπό
813 372 850 415 τε
868 342 1023 434 θάμβους

57 452 110 519 καὶ
122 446 282 531 ἀπιστίας
295 455 365 521 τῶν
377 452 639 539 θεωρουμένων·
665 443 771 518 ἔπειτ’
782 444 944 519 ἆπελθῶν
964 449 1023 519 καί

57 556 217 639 συλλέξας
227 552 326 637 ὅσους
333 552 475 625 έδύνατο
483 560 659 633 πλείστους
666 547 1023 640 τῶνόγχούνεμόντων

57 654 109 739 (ού
122 655 190 745 γὰρ
204 657 398 727 ἐπιστεύετο
411 658 535 744 λέγων)
546 652 622 742 όγει
641 646 786 743 τοῦργον
800 650 883 724 αύτό
898 664 1021 724 θεασο-
1038 666 1056 717 ὖ

57 762 186 849 μένους.
218 756 264 843 ῶς
278 760 316 830 δὲ
329 757 479 832 κόκείνοι
492 765 634 849 πλησίον
647 757 805 838 ἐλθόντες
817 764 948 846 ἔμαθον
959 755 1022 846 τὴν

57 863 116 951 μὲν
137 861 257 952 ῶσπερ
270 865 371 935 τέκνα
384 864 630 953 περιέπουσαν,
651 859 692 931 τὰ
707 858 740 930 δ’
757 858 802 941 ῶς
818 858 939 951 μητρός
952 863 1020 944 έξε-

24 988 46 1042 ιι
60 966 201 1054 γόμενα,
226 966 401 1056 δαιμόνιόν
414 994 447 1037 τι
460 971 568 1056 χρῆμα
581 960 666 1052 ὁρᾶν
678 959 903 1052 ὑπολαβόντες
920 967 1020 1052 έγγυ-
1129 1024 1135 1046 ,

59 1072 139 1156 τέρω
160 1070 357 1160 προσῄεσαν
375 1066 497 1161 όθρόοι
512 1068 738 1155 δεδιττόμενοι
751 1072 816 1156 βοῇ
830 1063 868 1136 τό
886 1075 1020 1154 θηρίον.

45 1167 77 1260 ῑὴ
94 1173 129 1243 δὲ
143 1172 292 1243 λύκαινα
304 1171 347 1243 ού
359 1173 448 1263 μάλα
461 1168 681 1263 ύγριαίνονσα
693 1175 762 1240 τῶν
775 1167 969 1256 ἀνθρώπων
981 1176 1021 1259 τῇ
1040 1182 1074 1234 10

60 1276 234 1370 προσόδῳ,
268 1272 340 1346 ἀλλ’
370 1272 527 1367 ῶσπερὰν
554 1272 733 1363 χειροήθης
758 1269 928 1343 ἀποστᾶσα
952 1278 1022 1343 τῶν

62 1385 201 1467 βρεφῶν
226 1376 334 1470 ἠρέμα
356 1381 413 1449 καὶ
438 1376 524 1449 κατὰ
547 1376 674 1467 πολλὴν
694 1374 835 1465 ἀλογίαν
860 1380 922 1445 τοῦ
946 1401 1022 1446 ποι-

63 1489 202 1569 μενικοῦ
223 1479 343 1571 ὁμίλου
364 1480 474 1573 ιἰπῄει.
502 1472 546 1571 ἦν
565 1479 631 1568 γύρ
649 1508 700 1560 τις
721 1476 763 1549 ού
782 1473 870 1549 πολύ
888 1476 1023 1567 ἀπέχων

66 1587 197 1657 ἐκεῖθεν
211 1583 299 1675 ἱερός
308 1591 413 1675 χῶρος
427 1582 492 1675 όλη
505 1590 630 1675 βαθείᾳ
642 1579 834 1673 συνηρεφὴς
847 1583 904 1651 καὶ
917 1585 1022 1673 πέτρα

64 1696 153 1778 κοίλη
168 1688 281 1778 πηγὰς
300 1686 446 1776 ιἰνιελσα,
465 1689 597 1775 ἐλέγετο
612 1687 652 1757 δέ
671 1684 785 1767 Πανός
803 1684 890 1755 εἶναι
909 1682 948 1756 τό
961 1683 1022 1755 νύ·
1039 1700 1073 1755 1⁶

67 1817 138 1877 τος,
165 1794 225 1863 καὶ
246 1790 356 1883 βωμός
382 1782 425 1881 ἦν
447 1788 569 1861 αὐτόθι
590 1794 652 1860 τού
670 1795 773 1861 θεοῦ·
798 1795 846 1870 είς
864 1793 963 1858 τοῦτο
984 1785 1022 1858 τδ

66 1901 183 1983 χωρίον
195 1900 342 1967 ἐλθοῦσα
350 1892 609 1986 ἀποκρύπτεται.
629 1891 666 1964 τό
676 1893 739 1984 μέν
751 1884 815 1965 οὖν
826 1889 927 1974 ἄλσος
940 1887 1021 1964 ούκ-

68 2000 111 2066 έτι
130 2003 299 2095 διαμένει,
319 1999 358 2072 τό
378 1999 416 2070 δὲ
429 1997 568 2090 ἄντρον,
584 1999 619 2081 έξ
636 1987 677 2067 οὗ
692 1995 713 2087 ἡ
730 1994 826 2086 λιβὰς
841 2001 1021 2081 ἐκδίδοται,

67 2106 109 2192 τῶ
130 2109 334 2195 Παλλαντίῳ
361 2105 707 2196 προσῳκοδομημένον
735 2106 908 2172 δείκνυται
938 2098 1023 2168 κατὰ

68 2203 124 2292 τὴν
136 2208 191 2275 ἐπὶ
204 2203 266 2276 τόν
285 2205 494 2296 ίππόδρομον
507 2208 680 2295 φέρουσαν
696 2200 797 2292 όδόν,
815 2204 871 2272 καὶ
883 2199 1021 2299 τέμενός
1038 2221 1073 2275 20

68 2309 152 2378 ἐστιν
170 2306 277 2379 αὐτοῦ
291 2315 449 2398 πλησίον,
471 2315 558 2378 ἔνθα
571 2304 673 2378 είιιῶν
691 2321 797 2378 κεῖται
811 2310 872 2376 τοῦ
889 2303 1023 2386 ’πόθους

70 2411 206 2482 λύκαινα
219 2418 365 2493 παιδίοις
378 2413 457 2483 δυσὶ
467 2411 545 2492 τούς
554 2408 698 2501 μαστούς
709 2413 906 2496 ἐπισχοῦσα,
917 2413 1024 2530 χαλκᾶ

70 2514 229 2640 πριήματα
253 2520 394 2596 παλαιός
417 2520 582 2604 έργασίας.
624 2505 669 2603 ἦν
689 2510 782 2583 δέ
748 2541 786 2586 το
811 2517 934 2600 χωρίον
955 2515 1024 2582 τῶν

71 2615 127 2688 σόν
145 2609 314 2714 Εὐάνδρῳ
329 2619 409 2690 ποτέ
423 2617 624 2689 οίκισόντων
642 2614 725 2687 αὐτὸ
739 2613 911 2705 Ἀρκόδων
931 2613 1024 2705 ίερόν

72 2715 110 2802 ῶς
128 2726 269 2811 λέγεται.
307 2718 351 2802 ῶς
369 2721 406 2793 δὲ
423 2718 596 2811 όττέστη
562 2749 601 2790 το
612 2727 735 2809 θηρίον
749 2729 905 2809 αίρουσιν
917 2721 953 2790 ol
966 2738 1022 2790 νοὲ
1040 2743 1075 2796 25

23 2827 60 2882 ²⁰⁴
75 2841 137 2911 μείς
151 2825 193 2896 τὰ
213 2829 322 2916 βρέφη
340 2823 494 2915 σπονδην
513 2816 719 2912 ποιούμενοι
726 2819 919 2928 τρέφειν’
876 2818 961 2892 αντό
979 2816 1025 2902 ῶς

74 2935 158 3000 θεῶν
167 2929 332 3014 σῶῑεσθαι
344 2918 621 3024 βουλομένων.
597 2955 642 3015 ην
652 2928 692 2997 δέ
702 2954 752 3007 τις
766 2929 804 2997 έν
815 2922 930 3006 αὐτοῖς
942 2945 1024 2994 συο-

74 3040 219 3122 φορβίων
248 3038 432 3122 βασιλικῶν
468 3031 725 3134 ἐπιμελούμενος
756 3026 903 3116 έπιεικης
937 3023 1025 3115 ἀνὴρ

75 3130 292 3215 Φαιστύλος
273 3163 396 3224 ονομα,
419 3133 456 3216 ὃς
471 3137 509 3205 έν
527 3162 568 3224 τη
553 3131 686 3204 πόλει
706 3161 790 3203 κατα
778 3130 852 3220 δη
868 3158 902 3200 τι
918 3125 1023 3218 ύναγ-

75 3254 162 3308 καῖον
175 3238 324 3326 ἐγεγόνει
337 3235 419 3309 καθ’
436 3233 477 3308 όν
489 3238 612 3328 χρόνον
624 3267 645 3326 η
633 3233 774 3325 ’φθορὰ
788 3260 847 3323 της
861 3229 920 3302 Ἰλί
904 3237 958 3314 ίας
970 3233 1027 3302 καὶ
1042 3249 1078 3304 80

76 3333 200 3422 ότόκος
219 3338 393 3431 ἠλέγχετο,
418 3343 475 3411 καὶ
496 3338 579 3431 μετὰ
602 3345 705 3409 ταῦτα
725 3338 950 3425 κομιζομένων
972 3336 1027 3406 έπλ

76 3440 127 3514 τόν
144 3443 294 3534 ποταμόν
311 3449 379 3515 τῶν
399 3450 538 3535 βρεφῶν
561 3457 632 3524 τοῖς
651 3443 815 3529 φέρουσιν
834 3437 920 3511 αότᾶ
944 3437 1029 3510 κατὰ

834 3539 878 3610 7*

1042 3727 1116 3804 ,ΑΑ
