2367 3850
534 146 761 208 ..Β-

254 305 413 379 LXXIIII.
434 305 481 378 Τά
499 305 533 378 δ’
550 314 598 391 είς
612 306 781 380 εὐτέλειάν
795 337 830 380 τε
847 311 902 380 καί
917 309 1134 400 σωφροσύνην

183 410 351 503 ἀγαγόντα
366 410 426 481 τόν
447 412 587 483 ἑκάστου
600 421 677 503 βίον
690 416 746 484 καί
769 419 818 495 είς
837 415 1021 503 ἐπιθυμίαν
1037 441 1132 483 κατα-

184 513 349 606 στήσαντα
362 521 419 605 τῆς
439 516 670 607 φυλαττούσης
685 521 724 587 ἐν
742 512 881 609 όμονοίηι
897 514 958 606 τήν
971 515 1073 586 πόλιν
1089 522 1133 586 δι·

174 619 366 709 καιοσύνης
393 617 573 690 πλεῖστα”
555 642 634 709 οσα,
659 648 700 691 τα
687 618 781 710 μὲν
801 619 982 710 ἐγγράφοις
1004 629 1134 709 περιλη·

151 726 318 811 ὀφθέντα
337 721 467 811 νόμοις,
493 721 580 794 τάδ’
599 727 661 808 ἔξω
681 729 884 814 γραφήςς
837 731 884 804 είς
905 722 1144 853 ἐπιτηδεύσεις,

184 823 332 915 άχθέντα
350 827 406 894 καὶ
421 826 642 916 συνασκήσεις
661 837 829 916 χρονίους·
854 822 941 912 ύπέρ
965 856 1015 898 ων
1036 822 1135 896 ἁπάν-

185 957 253 1000 των
273 928 335 1018 μὲν
355 926 483 1000 πολύ“
463 959 506 1000 αν
525 939 624 1022 ἔργον
644 941 696 1020 είη
717 926 883 1017 λέγειν,’
863 932 997 1022 αρκέσει
1022 929 1061 1000 δλ
1082 927 1136 999 δύο

184 1031 224 1102 τά
245 1039 401 1123 μεγίστης
422 1033 552 1123 μνήμης
572 1033 716 1124 τυχόντα
735 1035 895 1124 τεκμήρια
917 1035 972 1102 καί
994 1039 1065 1102 τῶν
1085 1030 1136 1102 άλ-

186 1146 255 1207 λωυ
273 1138 449 1225 γενέσθαι·
477 1143 535 1225 τῆς
554 1134 679 1227 μέν’
637 1145 837 1226 αυταρκείας
856 1139 912 1207 καὶ
930 1165 993 1206 του
980 1140 1137 1226 μηδένα

137 1266 169 1317 10
185 1245 254 1310 τῶν
257 1238 408 1346 άλλοτρί
409 1269 457 1309 ων
477 1236 692 1331 ἐπιθυμείν“
674 1270 696 1330 η
710 1242 786 1329 περὶ
806 1239 882 1322 τούς
901 1237 1063 1330 ὁρισμούς
1077 1245 1137 1308 τῶν

185 1328 334 1471 κτήδεριν
349 1350 543 1433 νομοθεσία.
579 1343 740 1426 κελεύσας
754 1342 818 1432 γάρ
839 1343 964 1439 ἑκάστην
979 1340 1136 1433 περιγρά-
1171 1365 1172 1436 η

168 1461 246 1569 φαι
266 1445 327 1536 τήν
349 1449 471 1517 ἑαυτοῦ
491 1451 608 1536 κτήσιν
631 1449 686 1518 καί
705 1453 822 1536 στῆσαι
849 1413 967 1527 λίθούς
995 1449 1052 1516 ἐπὶ
1078 1461 1139 1524 τοῖς
1172 1473 1173 1548 η

184 1576 274 1638 οροις
293 1548 403 1640 ίερούς
421 1547 630 1634 άπέδειξεν’
615 1558 711 1640 ορίον
725 1549 807 1632 Διὸς
829 1549 908 1632 τούς
927 1560 1067 1638 λίθους,
1091 1550 1139 1620 καλ
1173 1581 1174 1642 η

184 1663 307 1736 θυσίας
325 1658 438 1736 ἔταξεν
457 1652 570 1736 αὐτοῖς
580 1651 779 1724 έπιτελεῑν”
757 1681 905 1735 απαντας
919 1649 1026 1746 ήμέρηι
1039 1656 1140 1742 τακτή
1174 1689 1175 1746 η

135 1773 168 1824 15
186 1755 268 1825 καθ’
282 1763 421 1829 ἕκαστον
433 1756 589 1828 ἐνιαυτόν
610 1754 709 1828 ἐπὶ
677 1786 736 1827 του
749 1757 852 1827 τόπον
865 1760 1137 1846 συνερχομένους,
1175 1797 1176 1852 η

186 1858 304 1951 ἑορτήν
324 1863 361 1930 ἐν
378 1877 447 1941 τοις
468 1860 559 1930 πάνυ
571 1889 626 1950 τιμ
630 1867 686 1932 ίαν
630 1858 805 1932 ίκαλ
770 1888 832 1951 την
844 1865 913 1931 των
927 1858 1030 1948 ὁρίων
1050 1864 1139 1931 θεῶν
1176 1905 1177 1961 η

186 1964 483 2086 καταστησάμενος.
502 1960 629 2054 ταύτην
637 1961 788 2054 Ῥωμαῖοι
804 1964 1012 2055 Τερμινάλια
1019 1968 1137 2034 καλοῦ·

187 2088 242 2137 σιν
264 2070 319 2137 ἐπὶ
344 2073 412 2137 τῶν
431 2066 604 2157 τερμόνων
623 2072 678 2137 καλ
699 2067 778 2149 τούς
802 2065 902 2159 ὅρους
929 2066 1051 2149 αὐτούς
1072 2065 1139 2145 ἑνὸς

186 2167 314 2261 άλλαγῇ
328 2170 517 2261 γράμματος
536 2170 626 2261 παρά
645 2170 705 2261 τήν
718 2168 882 2261 ἡμετέραν
897 2171 1073 2242 διάλεκτον
1090 2172 1137 2240 ἐκ·

135 2293 169 2344 20
187 2276 345 2363 φέροντες
365 2278 521 2365 τέρμινας
539 2276 858 2364 προσαγορεύουσιν.
888 2281 920 2346 εί
932 2278 972 2346 δέ
983 2302 1032 2355 τις
1051 2270 1136 2363 ἄφα-

185 2386 310 2447 νίσειεν
334 2374 355 2468 ἢ
375 2386 536 2468 μεταθείη
555 2376 633 2459 τούς
657 2375 756 2468 ὅρους
783 2376 874 2470 ίερδν
899 2380 1139 2469 ἐνομοθέτησεν
1153 2394 1177 2447 39

187 2478 273 2550 εἶναι
286 2487 347 2551 τοῦ
358 2487 444 2552 θεοῦ
457 2480 516 2551 τόν
529 2481 657 2551 τούτων
670 2510 701 2551 τι
724 2482 1007 2571 διαπραξάμενον,
1024 2486 1083 2551 ἰ’να
1096 2484 1139 2572 τῷ

184 2575 380 2677 βουλομένῳ
401 2592 546 2655 κτείνειν
560 2582 663 2654 αὐτόν
684 2580 728 2664 ὥς
746 2582 956 2675 ίερόσυλονή
975 2613 1011 2655 τε
1031 2582 1137 2673 άσφά-

186 2694 258 2755 λεια
281 2689 337 2756 καί
357 2686 395 2757 τό
414 2694 555 2781 καθαρῷ
572 2687 755 2777 μιάσματος
780 2688 866 2758 εἶναι
891 2694 1008 2777 προσῇ.
1043 2693 1138 2759 τούτο

117 2811 168 2860 ’25
187 2785 220 2858 δ’
240 2785 302 2858 ούκ
323 2792 377 2859 ἐπὶ
402 2796 470 2860 τῶν
494 2797 673 2861 ἰδιωτικῶν
692 2792 913 2881 κατεστήσατο
940 2792 1044 2881 μόνον
1064 2790 1138 2878 κτή-

186 2913 274 2962 σεων
293 2890 330 2962 τὸ
352 2899 498 2979 δίκαιον,
518 2892 671 2964 άλλάκαὶ
687 2896 823 2965 ἐπὶτῶν
844 2900 1028 2983 δημοσίων,
1051 2890 1140 2982 ὅροις

186 2992 341 3077 κάκείνας
360 2995 567 3085 περιλαβών,
587 3004 644 3069 ἵνα
663 3000 720 3067 καλ
734 2997 796 3087 τήν
811 2995 980 3087 Ῥωμαίων
995 3003 1058 3087 γῆν
1077 2993 1141 3066 άπδ

185 3106 242 3189 τῆς
261 3097 494 3187 ἀστυγείτονος
513 3097 600 3189 ὅριοι
619 3106 770 3190 διαιρῶσι
785 3102 861 3169 θεολ
882 3101 938 3170 καί
951 3098 1012 3189 τήν
1025 3098 1141 3189 κοινήν

185 3201 251 3273 άπὸ
264 3209 322 3292 τῆς
336 3209 433 3282 ίδίας.
469 3203 590 3272 τούτου
614 3206 709 3292 μέχρι
729 3208 796 3274 τῶν
814 3200 894 3272 καθ’
911 3199 995 3292 ἡμᾶς
1012 3202 1141 3293 χρόνων

136 3325 170 3377 30
187 3305 392 3393 φυλάττουσι
401 3302 553 3394 Ῥωμαῖοι
575 3311 646 3389 [τοῦ
658 3304 792 3395 χρόνου]
811 3320 956 3395 μνημεῖα
972 3312 1029 3395 τῆς
1050 3302 1140 3386 ὁσίας

142 3415 147 3423 ’
187 3405 287 3495 αὐτῆς
306 3412 412 3479 ἕνεκα.
445 3408 549 3489 θεούς
568 3436 603 3476 τε
623 3407 686 3497 γάρ
706 3405 867 3497 ήγούυται
886 3407 963 3491 τούς
983 3412 1141 3500 τέρμονας

188 3510 244 3577 καί
264 3509 410 3580 θύουσιν
430 3509 543 3593 αύτοίς
567 3506 663 3599 ὁσέτη
686 3516 753 3581 τῶν
771 3511 834 3601 μὲν
856 3512 1015 3603 ἐμψύχων
1041 3509 1140 3583 οὐδέν
