2367 3850
167 94 228 157 100
435 87 753 161 *r-A*

163 262 267 327 θείαν
284 253 388 343 τύχην
403 248 471 342 ἅμα
492 253 687 343 διεληλύθει
705 253 770 345 τὴν
787 251 895 345 αύτὴν
920 251 1005 327 ὁδόν
1024 262 1075 339 είς
1093 254 1130 325 τὸ

166 355 379 429 Παλλάντιον
405 356 484 427 ίοόυ·
506 355 543 439 δς
562 356 681 447 ἥκιστα
705 372 775 439 τοῖς
798 358 913 439 ἄλλοις
934 358 1131 449 καταφανὴς

167 460 345 551 γενόμενος
368 454 412 541 ὥς
437 463 613 531 ἐπίσταταί
634 489 668 531 τι
692 461 965 551 τοῦπράγματος
986 460 1131 546 άξιιόσας

168 561 260 657 αύτῷ
272 568 532 653 συγχωρηθῆναι
542 563 582 635 τά
591 566 701 655 βρέφη
713 566 877 655 λαμβάνει
888 592 926 634 τε
937 562 1027 635 αύτδι
1040 564 1132 650 παρὰ

133 684 150 737 δ
168 674 228 737 τού
242 671 360 736 κοινοῦ
373 667 430 736 καὶ
447 668 561 756 φέρων
580 663 626 749 ύς
637 666 699 759 τὴν
711 685 857 756 γυναῖκα
870 676 1010 757 ἔρχεται.
1039 696 1131 739 τετο-

168 785 270 840 κυλαν
285 769 321 839 δέ
341 769 539 859 καταλαβών
556 773 613 840 καί
632 769 824 862 ἀχθομένην
837 769 887 844 ὅτι
901 771 1024 861 νεκρὸν
1044 769 1132 861 αὐτῇ

107 906 112 919 ¹
168 871 205 943 τδ
226 874 350 962 βρέφος
371 862 414 961 ἦν
432 881 684 964 παραμυθείταί
701 878 808 945 τεκαὶ
829 882 970 947 δίδωσιν
997 871 1131 963 ύποβα-
1165 901 1166 934 ¹

170 979 289 1072 λέσθαι
302 973 342 1043 τά
361 981 480 1045 παιδία
496 982 608 1047 πάσαν
628 980 662 1061 έξ
682 975 784 1067 ἀρχῆς
804 977 1052 1068 διηγησάμενος
1071 976 1134 1067 την
1165 1009 1166 1016 “

169 1084 399 1166 κατασχοῦσαν
411 1074 496 1149 αύτά
509 1079 623 1170 τύχην.
652 1078 846 1169 αὐξομένοις
861 1083 899 1152 δὲ
911 1078 1033 1163 ἀὐτοῖς
1053 1079 1131 1150 ὅνο-

119 1200 153 1252 10
169 1210 214 1270 μα
233 1188 364 1251 τίθεται
388 1188 435 1275 τῷ
455 1182 517 1269 μὲν
532 1180 718 1273 Ῥωμύλον,
740 1191 790 1277 ’τῷ
810 1185 849 1255 δὲ
864 1182 997 1273 Ῥῶμον.
1041 1191 1078 1255 οἱ
1096 1181 1140 1253 δὲ’.

49 1290 51 1295 ’
169 1284 402 1373 ἀνδρωθέντες
420 1292 571 1373 γίνονται
590 1286 675 1357 κατά
692 1315 730 1357 τε
755 1286 894 1371 ἀξίωσιν
916 1292 1052 1377 μορφῆς
1077 1288 1133 1355 καί

74 1471 93 1483 Δ,
170 1386 381 1476 φρονήματος
399 1385 501 1477 όγκον
521 1386 562 1458 ού
574 1399 779 1480 συοφορβοῖς
795 1392 851 1461 καὶ
863 1392 1042 1480 βουκόλοις
1061 1395 1130 1461 ἐοι-

168 1492 280 1574 κότες,
302 1487 377 1561 ἀλλ’
393 1496 484 1572 οἵους
502 1489 545 1561 άν
564 1520 615 1575 τις
633 1490 787 1576 άξιύσειε
806 1491 884 1575 τούς
903 1498 940 1565 ἐκ
954 1500 1132 1582 βασιλείου

169 1620 205 1663 τε
225 1590 354 1681 φύντας
380 1596 499 1682 γένους
526 1598 582 1666 καὶ
600 1593 667 1667 άπὸ
686 1597 858 1687 δαιμόνων
877 1602 1003 1684 σπορᾶς
1028 1597 1167 1686 ’γενέ-λλ

120 1707 152 1761 15
169 1698 252 1767 σθαι
270 1698 521 1786 νομιζομένους,
540 1694 585 1779 ύς
603 1703 643 1769 έν
662 1716 732 1781 τοῖς
748 1707 900 1787 πατρίοις
919 1698 1039 1789 ὕμνοις
1061 1696 1131 1769 ὑπὸ

163 1796 335 1888 Ῥωμαίων
354 1805 403 1869 ἔτι
417 1802 473 1871 καὶ
485 1803 551 1871 νύν
565 1800 760 1894 ᾄδεται.ί
721 1810 760 1891 βί
758 1831 795 1885 ος
808 1799 843 1872 δ’
859 1800 973 1884 αύτοίς
988 1794 1033 1891 ἦν
1046 1812 1130 1893 βου·

168 1899 301 1983 κολικδς
321 1902 377 1972 καί
397 1907 509 1974 δίαιτα
522 1901 706 1994 αύτοὺργδς
725 1904 796 1979 ist
776 1928 869 1994 ορεσι
888 1936 928 1977 τα
916 1904 1051 1977 πολλὰ
1065 1934 1130 1996 πη-

169 2008 320 2130 ξαμένοις
335 2003 390 2075 διά
401 2007 511 2091 ξύλων
523 2011 579 2078 καί
592 2010 751 2099 καλάμων
762 2008 885 2099 σκηνάς
898 2008 1129 2105 αύτορόφους

170 2136 219 2178 ων
234 2116 283 2180 ἔτι
296 2110 353 2178 καί
372 2116 419 2190 είς
432 2102 519 2198 έμὲ’
499 2139 542 2200 ην
554 2139 605 2192 τις
620 2117 694 2198 [ἐκ]
696 2141 758 2183 του
742 2118 944 2183 Παλλαντί
942 2141 984 2183 ον
929 2115 1114 2183 ίέπλ
1071 2141 1131 2202 της

118 2223 152 2277 20
168 2209 253 2300 πρὸς
274 2208 333 2312 τόν
353 2211 559 2301 ἱππόδρομον
578 2215 786 2306 στρεφούσης
805 2214 946 2305 λαγόνος
958 2213 1131 2304 Ῥωμύλου

168 2297 383 2404 λεγομένη,“
362 2344 404 2440 ην
422 2316 681 2405 φυλάττουσιν
663 2317 760 2408 ιερὰν
769 2315 819 2400 οἷς
832 2319 962 2390 τούτων
974 2319 1131 2408 έπιμελὲς

169 2415 270 2489 ούδδν
284 2417 380 2489 ἐπὶ
347 2445 384 2486 το
394 2421 595 2509 σεμνοτερον
605 2425 846 2510 έξαιροντες,
832 2426 895 2492 δέ
902 2451 935 2493 τι
948 2421 1132 2511 πονήσειεν

168 2519 235 2590 ὑπὸ
257 2547 417 2610 χειμωνος
438 2552 465 2611 ,η
486 2523 610 2611 χρόνον
628 2523 666 2595 τό
694 2535 812 2596 λείπον
834 2523 1050 2615 ἐξακούμενοι
1071 2528 1130 2594 καὶ

57 2671 59 2686 .
168 2651 215 2746 τφ
202 2623 380 2710 πρόσθεν
397 2627 625 2715 ἐξομοιοῦντες
643 2635 691 2708 είς
705 2628 862 2716 δύναμιν.
896 2629 968 2700 ἐπει
983 2625 1062 2697 δὲ’
1041 2631 1131 2718 αμφὶ

118 2741 152 2792 25
171 2723 211 2794 τά
226 2721 462 2798 ’ὀκτωκαίδεκα
483 2734 540 2818 ἔτη
566 2730 741 2838 γεγονότες
767 2723 854 2820 ἦσαν
881 2729 1072 2821 ἀμφίλογόν
1098 2761 1130 2800 τι

169 2829 305 2915 περὶ
264 2854 322 2916 της
335 2836 447 2936 νομῆς
457 2829 570 2914 ριύτοῑς
589 2828 718 2922 γίνεται
732 2832 815 2922 πρὸς
834 2832 913 2916 τούς
937 2836 1130 2924 Νεμέτορος

168 2930 368 3020 βουκόλους,
394 2941 430 3003 οἳ
434 2905 581 3022 περὶ
548 2963 585 3006 το
599 2933 786 3015 Αὐεντίνου
808 2933 885 3025 ὅρος
904 2935 1059 3025 ἀντικρύ
1067 2943 1130 3007 τού

167 3041 455 3105 Παλλαντίουί
401 3063 439 3106 κε
441 3043 556 3161 ίμενον
572 3038 711 3128 εἶχον
676 3069 733 3122 τας
746 3040 951 3129 βουστάσεις.
982 3067 1127 3164 ητιωντο

167 3138 205 3208 δέ
227 3133 428 3226 άλλήλους
410 3138 559 3230 εκύτερόι
572 3139 738 3231 θαμινά
716 3173 737 3233 η
750 3172 811 3234 την
823 3171 869 3233 μη
889 3166 1128 3232 προσηκουσαυ

115 3255 150 3308 30
166 3235 294 3327 ὀργάδα
309 3245 507 3331 κατανέμειν
532 3239 553 3334 ἢ
571 3243 634 3334 τὴν
653 3244 771 3336 κοινὴν
789 3247 913 3337 μόνους
932 3252 1127 3332 διακρατεῖν

165 3337 187 3432 ἦ
208 3342 226 3413 ό
246 3372 277 3412 τι
306 3344 428 3434 δήποτε
451 3346 555 3436 τύχοι.
594 3352 633 3419 ἐκ
654 3348 692 3418 δὲ
717 3355 776 3439 τῆς
800 3346 982 3439 ἁψιμαχίας
1002 3349 1125 3439 ταύτης
1139 3377 1168 3429 ια

166 3447 320 3531 ἐγένοντο
346 3457 473 3538 πληγαί
497 3477 577 3522 ποτε
597 3450 655 3524 διά
670 3457 807 3542 χειρῶν,
835 3451 906 3524 εἶτα
927 3449 975 3523 δι’
996 3449 1121 3523 ὅπλων.

107 3761 144 3820 h
