2367 3850
1176 24 1178 59 ί

178 121 221 189 τε
460 106 773 184 ϊ-Α-
1019 107 1024 126 ·

1113 252 1177 331 ή

178 279 316 367 atowe*
295 313 338 355 αν
351 293 403 374 ελη
416 283 529 372 λόγος,
545 292 576 355 εί
587 281 821 375 βουλοίμην
784 312 848 374 την
864 280 1041 373 άκρίβειαν
1054 283 1177 373 γρά·

179 395 271 479 φειυ)
290 386 412 477 όλίγον
422 390 464 458 θλ
484 393 680 478 κατέμεινεν
698 393 737 459 έν
747 387 868 460 Ἰταλία
885 391 956 458 ταῖν
972 385 1139 476 ’Λβοριγί-

178 519 250 564 νων
264 501 416 585 προνοίᾳ.
447 495 580 580 πρῶτον
597 483 721 580 μὲν
677 519 742 562 ονν
761 497 818 581 τῆς
832 519 852 559 ο
853 498 1055 579 ίκοφθορίας
1065 507 1142 572 ταῖς

179 595 317 667 πόλεσιν
334 594 442 666 έθόκει
457 593 575 688 ἀὐχμῷ
595 593 677 686 ἡγῇ
689 607 883 668 κακωθείσα
901 591 1016 681 άρξαι,
1038 591 1142 684 ήυίκα

145 697 251 770 θούτ’
269 701 324 769 ἐπὶ
344 713 413 778 τοῖς
440 699 601 786 ’δένδρεσι
620 697 749 786 καρπός
768 696 881 778 ούβείς
902 695 1023 783 ὡραῖος
1041 701 1151 784 γενέ·Ι
1175 682 1177 733 λ

179 814 262 874 σθαι
283 805 467 891 διέμεινεν,
495 797 570 871 ἄλλ’
594 799 679 890 ω’μολ
702 809 898 890 κατέρρεον,
926 798 1003 871 ούτε
1029 796 1142 870 ὁκόσα

179 904 380 995 σπερμάτων
406 901 528 974 άνέυτα
564 904 728 994 βλαστούς
749 903 936 995 Ιἀνθήσειεν
967 907 1030 986 ἕως
1057 902 1143 974 στά-
1177 908 1178 915 '

179 1033 257 1096 χνος
270 1006 376 1098 άκμής
389 1005 466 1088 τούς
479 1005 562 1078 κατά
574 1007 682 1098 νόμον
695 1008 877 1097 ἐξεπλήρου
889 1006 1045 1096 χρόνους,
1060 1005 1144 1077 οὔτε

180 1109 245 1182 πόα
271 1111 430 1202 κτήνεσιν
449 1111 570 1199 ἐφύετο
587 1111 741 1201 διαρκής,
771 1117 841 1181 τοῖν
859 1139 897 1182 τε
917 1109 1078 1198 ναμάτων
1101 1109 1144 1180 τά

130 1231 163 1284 10
179 1215 241 1305 μὲν
252 1211 366 1285 ούκέτι
386 1223 545 1284 πίνεσθαι
559 1220 729 1284 σπουδαῖα
741 1206 801 1303 ήν,
818 1212 860 1284 τά
879 1211 911 1284 δ’
926 1209 1144 1303 ὑπελίμπανε

178 1320 317 1408 θέρους,
331 1316 371 1387 τά
387 1315 418 1387 θ’
435 1324 483 1398 είς
494 1321 592 1399 τέλος
599 1315 837 1406 ἀπεσβέννυτο.
863 1315 995 1405 άθελφά
1007 1317 1046 1386 σε
1058 1316 1143 1386 τού-

178 1447 247 1502 τοις
264 1425 392 1509 ἐγίνετο
406 1427 486 1508 περί
500 1447 537 1490 τε
565 1421 744 1510 προβάτων
761 1423 1002 1508 καὶγυναικῶν
1018 1420 1144 1508 γονάς·

179 1519 200 1613 ή
222 1522 286 1612 γὰρ
312 1527 515 1614 ἐξημβλοῦτο
533 1523 575 1594 τά
595 1531 743 1613 ἔμβρυα,
769 1518 896 1623 ήκατά
923 1521 1001 1603 τούς
1018 1522 1145 1605 τόκους

180 1631 393 1716 διεφθείρετο
406 1623 529 1698 έστινόί
540 1630 598 1698 καὶ
612 1625 671 1708 τάς
683 1627 850 1716 φερούσας
862 1627 1144 1716 συνδιαλυμηυά-
1160 1645 1179 1697 ν,

130 1739 163 1802 λσ
181 1757 274 1820 μενα.
303 1736 334 1800 εί
320 1731 387 1800 cod
400 1759 431 1799 τι
448 1729 656 1818 διαφύγοι
623 1759 683 1800 τον
695 1736 732 1801 έκ
744 1735 814 1800 τῶν
827 1727 962 1800 ὠδίνων
974 1735 1145 1800 κίνδυνον

180 1828 368 1922 ίμπηρον
347 1863 367 1924 η
389 1829 542 1911 ατελὲς
521 1859 541 1922 η
564 1830 612 1902 δι’
629 1831 737 1925 ἄλλην
751 1830 828 1903 τινά
847 1833 951 1961 τύχην
978 1834 1146 1921 βλαφθὲν

180 1939 364 2026 τρέφεσθαι
384 1933 526 2063 χρηστὸν
547 1934 611 2007 ούκ
622 1930 682 2028 ήυ
703 1946 817 2009 ἔπειτα
831 1935 938 2007 καίεο
951 1934 1034 2007 άλλο
1050 1944 1143 2027 πλῆ-

179 2050 242 2120 θος
258 2037 295 2109 τό
316 2037 393 2110 ἐν’
373 2045 462 2130 ακμῇ
482 2038 625 2126 μάλιστα
644 2045 804 2112 ἐκακοῦτο
817 2039 929 2121 νόσοις
948 2042 1006 2109 καί
1025 2041 1145 2111 θανά-

180 2168 248 2224 τοις
262 2140 352 2231 παρά
370 2139 410 2212 τά
431 2142 542 2213 είκόια
560 2160 706 2231 συχνοῖς.
745 2146 1005 2232 μαντευομένοις
1023 2141 1057 2212 δ’
1072 2142 1145 2213 αύ·

129 2268 163 2321 νο
180 2262 248 2328 τοϊς
270 2254 354 2317 τίνα
372 2251 466 2317 θεοῖν
492 2241 514 2371 ή
539 2247 709 2334 δαιμόνων
729 2247 939 2335 παραβάντες
963 2246 1045 2316 τάδε
1070 2248 1144 2317 πά-

178 2370 295 2438 σχουσι
308 2351 411 2419 καί
377 2358 411 2419 τ
423 2348 600 2447 ποιήσασιν
616 2347 729 2430 αύτοίς
742 2355 897 2474 λωφῆσαι
914 2378 956 2418 τα
943 2346 1064 2419 δεινά
1079 2353 1144 2420 έλ-

180 2455 252 2539 πὶς,
278 2448 389 2533 όθεός
408 2449 578 2523 άνεῑλεν”
559 2480 611 2523 οτι
630 2453 785 2540 τυχόντες
805 2443 855 2521 τόν
874 2452 1053 2540 ἐβούλοντο
1073 2452 1146 2525 ούκ

179 2552 392 2625 άπέόοσαν“
371 2584 398 2625 α
416 2554 570 2643 εὔξαντο,
598 2552 683 2625 άλλά
702 2562 962 2644 προσοφείλουσι
982 2553 1023 2626 τά
1042 2564 1145 2627 πλεί-

181 2676 262 2726 στου
274 2655 359 2741 άξια.
385 2657 474 2728 οί
435 2686 499 2747 γαρ
519 2657 726 2748 Πελασγολ’
707 2687 797 2754 αφορ
798 2666 851 2739 ίας
863 2656 978 2739 αύτοίς
996 2663 1145 2747 γενομέ-

93 2847 95 2851 ¹
131 2774 164 2827 λθ
181 2786 242 2848 νης
260 2763 299 2829 έν
320 2764 364 2850 τῇ
383 2766 428 2850 γή
443 2761 579 2831 πάντων
592 2763 771 2851 χρημάτων
792 2759 931 2846 εὔξαντο
949 2766 997 2855 τῷ
1018 2788 1055 2831 τε
1077 2766 1146 2833 Διὶ

181 2863 238 2933 καὶ
251 2867 299 2957 τῷ
315 2860 496 2933 Ἀπόλλωυι
509 2867 565 2934 καὶ
578 2880 648 2947 τοῖς
661 2873 841 2955 Καβείροις
853 2864 1060 2935 καταθύσειν
1079 2870 1145 2935 δε-

164 2963 283 3053 ,κάτας
296 2971 366 3035 τόν
384 2970 706 3057 προσγενησομένων
725 2965 899 3054 ἁπάντων,
923 2974 1147 3058 τελεσθείσης
1164 2994 1180 3046 ο

154 3102 155 3105 “
182 3068 290 3157 βλτής
311 3065 408 3159 εύχής
423 3070 608 3161 ἐξελόμενοι
626 3078 766 3159 καρπῶν
784 3100 820 3149 τε
841 3072 898 3140 καί
917 3069 1150 3159 βοσκημάτων

180 3167 339 3242 ἁπάντων
351 3172 389 3243 τὸ
403 3174 501 3261 λάχος
520 3171 700 3245 ἀπέθυσαν
711 3188 779 3255 τοις
797 3185 910 3259 θεοῖς,
933 3170 978 3254 άς
997 3171 1149 3263 θήκατά

129 3290 164 3345 30
179 3274 308 3346 τούτων
320 3275 434 3364 μόνων
448 3274 630 3365 εὐξάμενοι.
658 3283 764 3347 ταῦτα
777 3275 819 3366 δή
832 3284 1009 3362 Μυρσίλος
1020 3273 1040 3347 ὁ
1052 3279 1147 3347 Λέσ-

181 3384 254 3464 βιος
267 3377 442 3469 ἱστόρηκεν
458 3378 576 3466 ὀλίγου
590 3386 665 3451 δεῖν
685 3395 755 3461 τολς
767 3378 881 3460 αύτοίς
894 3377 1034 3468 ὀνόμασι
1054 3381 1147 3469 γρά-

182 3504 259 3565 φων
284 3476 334 3565 οἷς
353 3482 420 3572 ἐγά
439 3489 523 3573 νύν,
551 3482 640 3574 πλήν
658 3480 740 3555 ὅσον
761 3480 803 3555 ού
823 3481 1022 3571 Πελασγούς
1043 3492 1152 3556 καλεῖ
