2367 3850
954 103 1050 152 -v11

69 256 199 316 demum
223 253 277 314 ubi
297 252 405 332 optimi
427 272 476 312 me
499 252 672 314 deficerent
692 255 847 330 consului,
873 257 955 338 Lupi
970 278 1048 320 nero

67 341 264 412 uersionem,
280 339 329 398 cui
344 356 490 396 summam
502 337 610 398 tribuit
623 341 837 400 auctoritatem
854 341 1046 417 Ambrosius,

67 444 142 483 cnm
157 443 197 484 ex
210 421 392 502 apographo
407 420 523 482 codicis
539 421 700 484 Vrblnatis
713 443 893 503 expressam
908 445 979 486 esse
998 428 1047 486 in·

12 533 13 566 ι
66 509 279 580 tellexissem‚
295 507 572 586 prorsuszueglexi.
616 507 723 590 Atque
744 529 812 573 cum
827 509 862 568 id
878 512 1047 590 praecipue

12 647 13 650 ,
66 601 211 652 sectarer
224 600 258 651 ut
271 589 399 650 tandem
414 590 537 670 qualem
551 587 622 650 libri
641 591 750 671 optimi
771 593 956 654 exhiberent
969 595 1046 654 Dio·

67 678 199 756 nysium
224 675 433 756 patefacerem
455 675 562 754 itaque
583 677 629 734 eis
652 677 706 755 qui
726 696 810 736 nunc
834 677 868 736 in
888 678 1046 758 Dionysio

67 779 203 840 operam
217 779 303 820 susm
318 759 496 818 collocuturi
512 768 618 818 essent
629 760 742 820 certius
753 758 962 821 substruerem
976 761 1047 822 fun·

68 845 268 917 dementum,
286 841 423 904 codicum
440 841 533 904 tidem
555 852 678 918 secutus
696 844 928 905 inconstantiae
947 847 1046 906 cuius·

67 929 150 994 dam
165 929 276 989 uitium
295 928 431 1004 effugere
453 947 550 1006 saepe
565 947 624 986 nec
646 929 734 1006 potui
750 948 810 988 nec
825 929 919 989 uolui.
952 927 1047 1008 Quod

68 1015 124 1072 uel
141 1014 275 1072 maxime
291 1011 375 1071 cadit
393 1013 427 1070 in
449 1031 539 1070 omne
555 1029 655 1088 genus
669 1012 954 1092 orthographicum,
978 1034 1047 1074 cum

68 1099 103 1156 in
119 1098 274 1176 scriptore
292 1093 402 1156 aetatis
418 1095 618 1169 recentioris,
635 1097 818 1174 praesertim
833 1097 918 1156 inre
937 1115 996 1177 per
1010 1117 1045 1158 se

12 1211 13 1228 1
68 1190 135 1240 tam
154 1179 249 1240 dubia
268 1189 362 1259 atque
375 1180 515 1253 ineerta,
534 1197 640 1239 eorum
654 1182 707 1260 qui
723 1199 824 1260 nuper
839 1180 953 1241 Coheti
969 1181 1045 1242 elio·

68 1283 202 1344 rumque
213 1265 354 1342 uestigiis
369 1263 550 1324 insistentes
567 1263 671 1322 omnia
685 1263 726 1324 ad
742 1283 836 1324 unam
850 1264 1045 1345 eandemque

68 1350 212 1426 regulam
227 1357 412 1408 reuocarunt
426 1347 602 1426 exemplum
618 1349 709 1428 sequi
722 1349 885 1408 noluerim.
911 1348 970 1408 His
988 1349 1045 1428 igi·

68 1442 119 1491 tur
134 1432 235 1512 copiis
250 1433 416 1492 instructus
429 1429 471 1489 ad
482 1432 641 1510 scriptoris
657 1431 908 1492 emendationem
918 1433 1044 1506 accessi,

69 1518 181 1596 inqua
196 1517 224 1575 si
241 1535 322 1597 quse
341 1517 442 1576 minus
456 1524 541 1574 recte
559 1514 663 1592 egisse
675 1515 800 1589 uidear,
815 1516 850 1575 id
865 1516 940 1576 inde
955 1535 1045 1577 excu-

69 1609 173 1660 satum
193 1601 232 1658 iri
249 1619 357 1679 spero,
381 1597 465 1679 quod
482 1601 539 1660 hac
562 1619 658 1678 opera
675 1600 806 1678 primum
826 1601 938 1661 uirium
962 1620 1045 1660 mea·

71 1705 138 1746 rum
165 1685 227 1743 feci
254 1685 432 1763 periculum.¹
472 1681 566 1760 Quod
591 1694 693 1742 autem
721 1684 804 1744 haud
830 1703 931 1762 pauca
959 1693 1044 1743 recte

71 1767 260 1828 emendasse
289 1785 338 1826 me
366 1767 690 1846 persuasumsshabeo,
718 1770 849 1848 primum
877 1768 1046 1846 Augusti

72 1853 249 1912 hleiuelri
271 1853 331 1910 uiri
348 1851 539 1912 celeberrimi
556 1868 716 1932 propensa
735 1853 769 1910 in
790 1871 839 1912 me
859 1852 975 1912 factum
998 1858 1047 1912 est

71 1938 244 2013 uoluntate,
268 1956 329 2019 qua
353 1938 414 2013 hos¹
430 1937 524 1997 libros
544 1956 614 1997 mea
634 1956 743 1997 caussa
768 1938 903 2017 perlegit
921 1937 1046 1997 multas-

20 2088 24 2097 ,
72 2042 133 2103 que
164 2040 284 2081 mecum
316 2021 552 2081 emendationes
583 2022 768 2081 certissimas
800 2021 1044 2093 communicauit,

73 2105 193 2167 deinde
206 2124 282 2165 uero
299 2106 504 2166 Francisci
526 2106 767 2166 Buecheleri
785 2102 1046 2165 etHermanni

72 2192 178 2267 Vsen
186 2210 204 2249 e
211 2180 242 2249 ri
254 2190 395 2263 amicitia,
405 2210 532 2270 quorum
541 2190 595 2249 ille
604 2189 741 2249 taedium
752 2190 891 2267 singulas
900 2187 1044 2267 plagulas

71 2274 261 2353 perlegendi
278 2282 310 2335 et
333 2272 508 2353 corrigendi
530 2276 573 2333 ita
589 2275 735 2333 sustinuit
754 2282 788 2333 ut
807 2274 939 2352 plurima
953 2289 1043 2351 prce·

71 2358 375 2432 clareemendaret,
394 2358 449 2417 hic
464 2359 601 2417 consiliis
628 2357 877 2437 prudentissimis
902 2373 960 2435 per
980 2373 1045 2415 ser·

71 2461 198 2502 monum
217 2442 452 2503 domesticorum
479 2441 736 2501 consuetudinem
759 2448 942 2522 perpetuam
964 2437 1045 2499 datis

72 2528 206 2587 maxime
225 2546 275 2587 me
290 2526 417 2587 adiuuit.

158 2612 199 2671 Iu
212 2610 415 2671 adnotatione
431 2629 512 2691 quae
528 2610 667 2688 sequitur
683 2609 789 2667 critica
801 2606 837 2667 id
851 2608 903 2685 egi
916 2613 950 2665 ut
964 2621 1046 2685 quae

12 2722 13 2727 ¹
73 2695 111 2755 ah
126 2694 289 2775 Vrbinatis
304 2694 377 2755 libri
395 2692 753 2774 scriptururecederent
769 2701 911 2750 accurate
925 2689 1045 2748 indica·

73 2798 158 2853 rem,
181 2781 308 2840 omissis¹
328 2788 447 2838 tantum
462 2802 465 2807 ·
479 2777 632 2837 erroribus
651 2775 907 2857 orthographicis.
950 2771 1052 2851 Quod·

74 2864 116 2922 ita
136 2864 257 2924 institui
273 2873 307 2923 ut
331 2863 507 2942 ubicunque
518 2862 691 2941 ,Vrbinstis
724 2860 906 2919 auctoritate
929 2858 1047 2917 reiecta

73 2948 152 3009 alios
173 2947 296 3007 codices
310 2936 451 3029 inprimis
464 2946 644 3005 Ohisisnur'n
660 2952 781 3005 secutus
798 2962 914 3016 essem,
929 2935 964 3001 id
980 2960 1047 3001 non

74 3030 271 3113 adnotarem,
291 3030 527 3108 diligentissime
544 3026 747 3109 ueroquibus
764 3028 840 3087 locis
859 3025 955 3087 uerba
971 3024 1047 3085 scri·

74 3118 170 3194 pteris
190 3135 230 3175 ex
243 3108 373 3193 ingenio
391 3122 529 3173 correcta
544 3122 652 3175 'essent
667 3112 882 3191 significarem.

197 3230 338 3295 Berolini
360 3233 394 3293 in
414 3231 600 3299 Ioachimico

87 3302 689 3411 -Idtouretobrtbus010ucecux.
728 3334 749 3408 '.
835 3372 839 3377 ,
911 3347 916 3357 ·
