2367 3850
405 199 450 214 ··-
506 168 538 230 Γ
585 199 637 212 -
937 117 1025 234 285.

33 327 120 410 πτάς
142 325 237 410 άετδς
255 325 432 422 άφνωιςκαί
451 327 511 400 τόν
530 339 631 402 πῖλον
648 327 755 400 αὐτοῦ
780 329 840 402 τὸν
865 332 920 402 &aaz
943 336 1002 422 τῆς

31 438 188 520 κεφαλῆς
208 441 364 521 κείμενον
386 430 553 523 ἁρπάσας,
576 431 648 503 άνω
662 434 763 504 πάλιν
776 432 903 522 άνέπτη
917 435 1002 505 κατά
1134 503 1137 508 .

32 534 95 623 τῆν
110 534 292 624 ἐγκύκλιον
305 533 433 624 αἰάραν
447 536 632 626 φερόμεγος
642 539 699 606 καί
713 544 759 619 εἰς
772 536 810 607 τὸ
822 537 930 626 βάθος
940 543 1001 607 τού
1074 560 1077 564 ’

31 639 250 726 περιέχοντος
271 634 367 726 άέρυς
389 635 599 728 ἀπέκρυψεν·
628 636 733 710 ἔπειτ’
749 644 907 728 ἐξαίφνης
928 642 999 710 έπι-

31 749 154 829 τίθησι
181 746 228 834 τῷ
257 742 435 838 Λοκόμωνι
460 741 520 812 τὸν
548 751 648 812 πῖλον
679 745 735 812 έπί
760 742 823 832 τῆν
849 741 1033 831 κεφαλῆνε

32 840 185 932 ἁρμόσας
207 840 251 925 εδς
277 844 440 933 πρότερον
466 843 621 934 ἥρμοστο.
662 851 863 934 θαυμαστοῦ
885 846 921 916 δὲ
943 848 1000 916 καί

31 946 230 1038 παραδόξου
254 955 335 1017 πάσι
354 953 414 1018 τοῦ
434 956 574 1037 σημείου
601 950 765 1037 φανέντος
792 946 813 1037 ῆ
833 947 920 1038 γυνῆ
939 953 1002 1020 τού

14 1050 239 1138 ,Λοκόμωνος
259 1047 365 1139 ὄνομα
388 1050 588 1122 Τανακύλλα
613 1055 788 1141 ἐμπειρίαν
815 1052 936 1140 ἰκανῆν
963 1055 1001 1122 έκ

33 1156 193 1242 πατέρων
209 1161 330 1241 ἔχουσα
356 1158 412 1244 τῆς
430 1159 640 1244 Τυρρηνικῆς
661 1160 919 1241 οἰωνοσκοπίας,
941 1163 1000 1224 λα-

33 1260 147 1344 βοῦσα
166 1255 270 1344 μόνον
291 1253 395 1326 αὐτὸν
409 1255 473 1326 άπδ
494 1263 562 1328 τῶν
581 1257 756 1327 συνόντων
775 1255 945 1346 ῆσπάσατό
964 1284 1000 1326 τε
1018 1273 1051 1326 10
1096 1259 1100 1266 ’

35 1361 90 1428 καί
112 1356 258 1446 άγαθοόν
276 1362 424 1429 ἐλπίδων
444 1361 628 1449 ἐνέπλησεν
644 1356 688 1440 ὥς
702 1363 736 1442 ἐξ
749 1365 919 1448 ἰδιωτικῆς
940 1358 999 1430 τύ-

35 1489 94 1548 χης
124 1468 173 1541 εἰς
200 1464 353 1542 ἐξουσίαν
385 1461 563 1552 βασιλικὴν
590 1462 819 1550 ἐλευσόμενον.
861 1479 1002 1533 σκοπεῖν

36 1567 154 1650 μέντοι
179 1564 428 1652 συνεβούλευεν
459 1563 549 1646 ὅπως
577 1563 657 1656 παρ’
689 1564 836 1636 ἑκόντων
861 1566 1001 1654 λήψεται

33 1662 214 1756 Ῥωμαίων
228 1666 288 1756 τῆν
302 1664 485 1757 ῆγεμονιάν
499 1666 593 1752 άξιον
607 1674 664 1758 τῆς
678 1674 774 1758 τιμῆς
787 1668 909 1757 ταύτης
922 1670 1001 1739 ἑαν·

37 1767 95 1838 τόν
114 1769 306 1856 παρασχόν.
1020 1784 1051 1834 15

113 1872 331 1944 XXXXVIII.
351 1871 390 1943 ‘0
406 1873 442 1943 δὲ
462 1871 642 1964 περιχαρὴς
662 1877 710 1968 τῷ
722 1883 848 1970 σημείῳ
861 1873 1000 1965 γενόμε-
1063 1966 1068 1972 ¹

38 2004 93 2057 νος
123 1974 242 2065 ἐπειδὴ
260 1994 332 2059 ταῖς
352 1976 473 2057 πύλαις
488 1975 553 2066 ῆδη
573 1976 793 2067 συνήγγιζεν,
823 1976 1002 2067 εὐξάμενος

37 2095 107 2159 τοῖς
129 2090 225 2161 θεοῖς
245 2082 380 2169 ἐπιτελῆ
398 2080 560 2165 γενέσθαι
581 2078 622 2148 τά
635 2080 849 2169 μαντεύματα
866 2082 923 2150 καί
937 2079 1002 2149 σύν

38 2179 186 2270 ἀγαθαῖς
206 2189 374 2253 εἰσελθεῖν
394 2182 509 2270 τύχαις
536 2187 712 2270 παρῆλθεν
732 2190 779 2263 εἰς
802 2181 865 2272 τῆν
886 2182 1001 2253 πόλιν·

38 2287 94 2355 καὶ
108 2283 192 2372 μετά
204 2289 302 2355 τούτο
317 2284 496 2356 συνελθόν
518 2292 565 2364 εἰς
579 2285 702 2373 λόγους
715 2294 863 2379 Μαρκίῳ
876 2287 924 2380 τῷ
938 2293 999 2374 βα·
1018 2300 1053 2351 20

39 2397 93 2457 λεῖ
113 2388 331 2476 πρῶτονμὲν
351 2386 473 2459 ἑαυτὸν
499 2387 668 2477 ἐδήλωσεν
687 2387 777 2469 ὅστις
800 2380 861 2477 ῆν,
888 2384 1001 2458 ἔπειθ’

40 2487 91 2559 ὅτι
111 2506 283 2560 κατοικεῖν
304 2494 341 2561 έν
361 2496 403 2581 τῆ
422 2491 517 2563 πόλει
537 2492 741 2580 βουλόμενος
754 2491 877 2582 παρῄει
892 2495 1003 2561 πᾶσαν

39 2592 101 2682 τῆν
121 2591 288 2683 πατρικῆν
308 2590 427 2664 ούσίαν
449 2594 671 2683 ἐπαγόμενος,
699 2591 743 2683 ῆν
765 2602 812 2675 εἰς
830 2592 868 2665 τό
886 2592 1003 2664 κοινόν

41 2703 105 2784 ἔφη
126 2701 175 2789 τῷ
187 2705 321 2785 βασιλεῖ
336 2700 393 2767 καί
413 2703 455 2785 τῆ
471 2693 648 2784 Ῥωμαίων
668 2695 764 2767 πόλει
777 2700 910 2769 τιθέναι
930 2706 1002 2787 μεί-

41 2807 120 2882 ζονα
134 2791 239 2869 οὖσαν
250 2794 272 2889 ῆ
285 2798 361 2869 κατ’
371 2798 508 2889 ἰδιώτην
522 2797 631 2888 άνδρα
644 2805 837 2890 κεκτῆσθαι.
851 2799 1004 2890 άσμένως
1021 2817 1054 2867 25

42 2901 78 2971 δὲ
99 2907 162 2971 τοῦ
182 2903 345 2991 βασιλέως
359 2900 463 2973 αὐτόν
481 2899 733 2991 ὑποδεξαμένου
747 2907 806 2973 καί
820 2910 1003 2990 καταχωρί-

17 3024 162 3086 νσαντος
190 3002 258 3094 ἅμα
280 3022 348 3087 τοῖς
367 3012 603 3097 συμπαροῦσιν
629 3003 722 3099 αύτῷ
750 3010 934 3095 Τυρρηνόν
958 3012 1005 3085 εἰς

43 3106 159 3197 φυλῆν
184 3134 221 3177 τε
248 3110 304 3177 καί
332 3108 503 3197 φράτραν,
532 3115 644 3178 οἰκίαν
670 3136 707 3179 τε
729 3106 1005 3191 κατασκευάζεται

41 3210 145 3281 τόπον
173 3208 341 3299 διαλαχοδν
362 3215 421 3300 τῆς
442 3210 570 3292 πόλεως
592 3210 652 3282 τόν
673 3209 842 3301 άρκοῆντα
868 3211 925 3279 καί
945 3214 1005 3297 γῆς

44 3310 208 3403 λαμβάνει
229 3318 364 3403 κλῆρον.
405 3311 522 3403 έπειδῆ
549 3314 712 3385 δὲταῦτα
734 3312 920 3406 διῳκήσατο
948 3314 1004 3382 καί
1022 3331 1057 3383 30

44 3423 109 3486 τῶν
123 3412 234 3485 άστοῐν
248 3412 296 3497 εἰς
310 3416 475 3506 ἐγεγόνει,
491 3416 613 3507 μαθών
626 3415 678 3486 ὅτι
687 3412 864 3505 Ῥωμαίων
876 3414 1004 3506 ἑκάστῳ

44 3518 160 3591 κοινόν
171 3546 204 3589 τι
217 3516 440 3609 όνομαιιεῖται
453 3517 600 3611 καίμετά
612 3516 776 3595 τὸκοινόν
787 3522 919 3608 ἕτερον,
933 3514 1005 3607 δδῆ
