2367 3850
435 149 662 212 -P-
962 142 1062 214 251'

56 315 171 399 μαίοις
190 311 247 380 καὶ
260 309 469 398 συλλήψομαι
482 307 598 392 αὐτοῖς
609 315 667 399 τής
686 316 783 400 νίκης
796 310 864 400 τήν
875 337 912 380 τε
924 311 1025 382 κατά-

57 423 166 501 ληψιν
187 417 255 482 τοῖν
270 410 411 502 ὑψηλῶν
424 417 630 502 πεποιῆσθαι
642 414 811 503 σκήψομαι
823 409 1024 506 τήςῖκυκλά-

56 537 146 595 σεως
165 521 234 587 ταῖν
257 513 544 605 ἀντιτεταγμένων
565 521 674 587 ἕνεκα.
717 517 894 606 γενήσεται
909 521 1025 605 δέμον

57 613 211 700 πιστδςδ
231 619 328 706 λόγος
346 627 426 707 ἔργα
447 615 697 708 ὁμολογούμενα
715 625 758 709 τῇ
776 619 897 709 σκήψει
919 646 1023 707 παρε-

57 721 247 810 σχημένου,
263 717 352 790 ὥσθ’
360 719 445 810 ήμᾶς
457 727 526 793 τάν
538 723 601 810 μὲν
611 729 736 794 δεινοῖν
747 725 940 812 μηδετέροις
952 749 1022 791 κοι-
1040 740 1058 791 ο

55 829 229 912 νωνήσαι,
257 829 315 913 τῆς
337 821 371 894 δ’
392 822 568 912 ἀμείνονος
595 825 695 914 τύχης
719 822 799 914 παρ’
826 823 1025 914 ἀμφοτέρων

55 934 272 1015 μεταλαβεῖν.
304 925 370 1016 έγά
383 927 451 1018 μέν
466 927 508 1017 δή
521 933 626 998 ταῦτα
647 928 778 1016 ἔγνωκά
790 955 827 997 τε
840 930 896 998 καὶ
912 928 1024 1017 δράσω

55 1027 127 1126 σύγ
153 1040 249 1110 θεοῖς
266 1030 425 1118 κράτιστα
442 1027 524 1101 όντα
546 1027 588 1100 ού
607 1029 713 1119 μόνον
731 1029 918 1118 Ἀλβανοῖς,
939 1028 1023 1100 ἀλλά

55 1133 187 1211 καὶτοῖς
200 1130 312 1211 ἀλλοις
328 1139 501 1220 Λατίνοις,
517 1130 603 1222 ὑμᾶς
617 1134 655 1204 δέ
666 1132 729 1222 χρή
743 1132 842 1222 σιγήν
855 1134 917 1222 μὲν
929 1135 1022 1222 πρά·

55 1263 120 1304 τον
133 1234 378 1323 φυλάττοντας,
389 1243 501 1305 ἔπειτα
516 1235 642 1324 κόσμον
654 1263 690 1305 τε
705 1235 867 1320 σώζοντας
885 1237 1023 1315 καὶτοῖς
1041 1255 1074 1308 10

56 1340 385 1428 παραγγελλομένοις
421 1335 520 1421 όξέως
550 1334 801 1427 ὑπηρετοῦντας
825 1337 1023 1427 προθύμους

54 1439 246 1529 ἀγωνιστὰς
265 1447 422 1528 γίνεσθαι
440 1443 496 1511 καὶ
516 1439 593 1522 τούς
614 1438 678 1526 ὑφ’
693 1438 807 1522 αὑτοῖς
825 1441 1023 1531 προθύμους
1105 1502 1108 1507 ,

55 1546 236 1631 παρέχειν,
251 1546 526 1633 ἐνθυμουμένους
542 1541 592 1614 ότι
610 1541 672 1632 ούχ
698 1540 810 1632 ὅμοιός
830 1547 923 1613 ἐστιν
942 1539 1024 1632 ήμλν
1085 1538 1087 1543 ’

4 1660 42 1713 80
58 1673 96 1715 τε
111 1648 169 1714 καὶ
182 1661 252 1727 τοϊς
264 1643 375 1727 ἀλλοις
395 1643 590 1735 ἀνθρώποις
607 1642 626 1715 ὁ
646 1648 723 1735 περὶ
742 1651 801 1734 τής
825 1649 1023 1734 ἐλευθερίας

55 1745 169 1838 ἅγιόν,
183 1745 321 1829 οἷςτισιν
333 1753 371 1820 έν
385 1753 458 1818 ἔθει
472 1753 681 1837 καθέστηκεν
698 1747 861 1837 ἄρχεσθαι
875 1744 936 1837 ὑφ’
954 1749 1021 1818 ἑτέ·
1041 1771 1073 1821 15

57 1879 130 1941 ρων
144 1853 201 1920 καὶ
215 1849 305 1933 ὅσοις
318 1851 477 1941 τοιαύτην
491 1859 663 1922 πολιτείαν
677 1857 711 1924 οί
724 1853 864 1942 πατέρες
878 1853 1021 1941 παρέδο-

57 1976 133 2025 σαν.
171 1954 345 2045 ἐλεύθεροι
360 1954 424 2044 γάρ
439 1958 472 2038 ἐξ
487 1959 679 2047 ἐλευθέρων
692 1962 823 2046 έφνμεν
836 1958 893 2025 καὶ
905 1953 1023 2044 ἀρχειν

56 2064 129 2127 τῶν
152 2067 341 2146 προσοίκων
360 2060 552 2148 παρέδοσαν
577 2056 658 2148 ἡμῖν
677 2064 712 2128 οί
728 2062 867 2147 πατέρες
886 2055 971 2146 ὁμοῦ
990 2084 1023 2127 τι

57 2159 263 2231 πεντακόσια
278 2168 333 2250 ἔτη
343 2164 441 2231 τούτο
455 2159 492 2231 τό
506 2167 614 2251 σχῆμα
627 2166 688 2231 τού
701 2169 779 2249 βίον
794 2159 1021 2248 διαφυλάξων·

57 2292 129 2348 τες,
146 2254 188 2333 ού
196 2262 241 2353 μή
250 2261 527 2353 ἀποστερήσωμεν
540 2262 634 2354 ἡμεῖς
643 2262 721 2355 τούς
730 2262 899 2350 ἐκγόνους.
915 2288 1020 2350 παρα·
1039 2286 1073 2337 20

57 2372 121 2455 στῇ
144 2368 181 2435 δέ
201 2370 321 2455 μηδενὶ
342 2363 438 2455 ὑμῶν
458 2369 533 2447 δέος
553 2362 596 2437 ἀν
614 2371 718 2435 ταῦτα
741 2368 844 2454 έθέλη
864 2364 1022 2454 πράττειν

57 2466 104 2559 μή
118 2470 293 2559 συνθήκας
308 2497 344 2539 τε
363 2470 447 2559 λύση
464 2472 519 2539 καὶ
536 2467 658 2561 ὅρκους
672 2466 750 2548 τούς
764 2466 819 2537 ἐπ’
834 2465 952 2547 αύταῑς
965 2494 1022 2554 γε·

57 2574 223 2661 νομένους
235 2577 387 2661 παραβῇ,
403 2570 478 2643 ἀλλ’
490 2576 676 2643 ἐννοείσθω
690 2571 776 2641 διότι
789 2568 847 2650 τάς
860 2566 927 2639 ὑπὸ
936 2566 1021 2639 Ῥω·
1050 2582 1057 2589 “

56 2681 169 2765 μαίων
189 2678 373 2765 λελυμένας
393 2681 440 2755 είς
458 2673 494 2745 τό
514 2680 547 2759 ἐξ
568 2674 670 2764 ἀρχῆς
682 2672 948 2763 ἀποκαταστήσει
966 2674 1024 2743 καὶ

56 2776 98 2847 ού
112 2778 171 2858 τάς
186 2806 225 2867 γε
244 2782 418 2865 ἐλαχίστου
431 2775 540 2865 ἀξίας,
560 2775 636 2848 ἀλλ’
651 2774 690 2857 ἀς
710 2775 731 2867 ἦ
752 2804 788 2847 τε
807 2777 909 2866 φύσις
926 2772 947 2865 ἡ
962 2773 1020 2847 ἀν·
1039 2796 1072 2847 25

55 2886 214 2971 θρωπεία
231 2880 452 2969 κατεστήσατο
475 2884 530 2951 καὶ
547 2878 564 2949 ὁ
580 2880 717 2952 πάντων
731 2879 843 2960 κοινός
856 2871 1023 2965 Ἑλλήνων

56 3012 93 3053 τε
107 2986 164 3053 καὶ
178 2983 360 3073 βάρβάρων
372 2990 504 3071 βεβαιοῖ
517 2984 634 3071 νόμος,
648 2982 765 3072 ἀρχειυ
778 2985 835 3052 καὶ
854 2980 895 3050 τά
908 2986 1022 3050 δίκαια

56 3085 190 3156 τάττειν
212 3084 290 3165 τούς
310 3088 455 3173 πατέρας
477 3102 546 3165 τοῖς
567 3084 718 3174 ἐκγόνοις
735 3088 792 3155 καὶ
817 3082 875 3163 τὰς
899 3109 1020 3171 μητρο-

57 3188 171 3268 πόλεις
193 3203 265 3269 ταλς
285 3186 462 3269 ἀποικίαις.
493 3187 615 3269 ταύτας
636 3187 677 3276 δή
696 3185 755 3267 τὰς
775 3185 949 3273 συνθήκας
961 3182 1019 3255 ού·
1064 3256 1067 3260 ,

58 3296 179 3362 δέποτε
200 3288 509 3380 ἀναιρεθησομένας
530 3295 567 3361 έκ
586 3295 645 3381 τῆς
656 3288 872 3376 ἀνθρωπείας
888 3288 1022 3376 φύσεως
1038 3310 1072 3362 30

57 3390 119 3483 οὐχ
140 3389 234 3481 ἡμεῖς
252 3399 286 3463 οί
302 3402 425 3483 κυρίας·
440 3392 612 3477 ἀξιούντες
632 3396 700 3461 αίεὶ
720 3388 891 3479 διαμένειν
913 3417 1020 3481 παρα-

57 3500 292 3585 σπονδοῦμεν,
316 3494 392 3567 οὐδ’
410 3492 454 3569 ἀν
470 3524 520 3577 τις
532 3492 613 3585 ήμϊν
628 3488 759 3582 θεύνή
778 3492 949 3582 δαιμόνων
963 3519 1018 3563 νε-
