2367 3850
185 90 323 155 esf
450 85 768 153 .-A-
903 27 932 127 ἶ

185 248 393 344 χρησμζεδὸς,
406 246 428 339 ἢ
441 247 554 333 αὐτοῖς
567 256 694 340 ἔφρασε
707 260 807 323 κλεῖν
818 252 873 323 eat
886 256 1024 342 δυσμῦν
1033 246 1133 342 ἦλίοο,
1145 247 1171 338 ld

186 356 249 435 ἕως
263 349 305 425 ἀν
320 361 368 435 είς
380 359 477 424 τοῦτο
489 352 526 423 τὸ
539 362 664 443 χωρίον
674 362 839 442 ἔλθωσιν,
853 358 892 427 έν
906 346 935 450 ᾦ
948 358 1134 427 κατέδονται
1169 359 1170 362 ’

187 456 245 539 τὰς
257 461 431 547 τραπέζας·
447 454 529 527 ὅταν
544 463 564 527 δ
566 457 582 527 δ
595 463 694 528 τοῦτο
706 458 841 549 μάθωσι
855 458 1052 549 γενόμενον,
1066 454 1134 547 ἡγε-

187 560 273 649 μόνα
300 560 487 647 τετράποδα
513 563 776 651 ποιησαμένους,
807 560 894 634 ὅπου
920 558 963 633 ἀν
989 561 1078 651 κύμη
1104 561 1136 630 τὸ

153 668 289 759 σζῷον,
312 667 462 751 ἐνταῦθα
485 670 664 754 δείμασθαι
684 665 793 737 πόλιν.
833 672 932 738 τοῦτο
953 664 994 756 δὴ
1014 664 1051 735 τὸ
1065 676 1136 735 θεο-

187 766 331 857 πρόπιον
344 763 626 857 ἀναμνησθέντες,
642 774 676 839 οί
685 770 748 859 μὲν
761 767 802 839 τά
815 773 876 860 ἕδη
890 774 959 841 ταῖν
971 774 1068 840 θεῶν
1080 774 1136 839 Λί-

187 876 283 941 νείου
301 870 520 953 κελεύσαντος
541 879 588 953 είς
611 870 647 941 τὸ
665 871 870 963 ἀποδειχθέν
887 881 1011 963 χωρίον
1030 876 1069 943 έκ
1088 878 1139 961 τῆς
1170 889 1171 894 ’

187 972 272 1053 νειὸς
294 976 523 1064 ἐξέφερον,οί
540 976 579 1045 δὲ
591 975 706 1068 βάθρα
724 978 782 1047 καὶ
793 976 928 1066 βωμούς
940 975 1138 1047 κατεσκεύα-

187 1084 244 1163 ζον
257 1073 421 1166 αῦτοϊς,α
401 1083 438 1148 αί
450 1079 487 1149 δέ
500 1096 660 1167 γυναῖκες
672 1076 819 1169 ὀλολυγῇ
831 1082 888 1151 καί
899 1086 1045 1206 χορείαις
1058 1078 1139 1169 χρύ-

137 1194 170 1248 10
187 1208 285 1279 μενγιι
307 1181 526 1271 παρεκόμιζον
548 1211 589 1253 τα
576 1180 697 1273 ίερά,
717 1189 752 1253 οί
771 1184 809 1253 δέ
823 1181 960 1274 ἀμφὶ
927 1212 988 1254 του
1002 1188 1171 1253 Αίνείαν

186 1292 520 1375 παρασκευασθείσης
545 1294 669 1368 θυσίας
677 1294 833 1379 ἔχοντες
851 1285 947 1368 τοῦς.
956 1285 1141 1397 στεφάνονς
1170 1317 1171 1428 χ

186 1385 309 1476 περὶ
276 1415 335 1457 τον
347 1386 463 1477 βωμὸν
476 1394 627 1478 ἔστησαν.

263 1489 349 1562 LVI.
369 1480 471 1561 Ἐν
445 1520 472 1587 φ
493 1482 593 1563 δὲ
553 1520 645 1563 ουτοι
672 1490 730 1573 τὰς
756 1490 855 1581 εύχάς
880 1488 1140 1583 έποιήσαυτο,’
1124 1516 1171 1581 η

15 1664 16 1691 χ
186 1594 352 1682 μέλλουσα
377 1562 625 1686 καθιεροῦσθαι
653 1587 694 1678 ῦς
721 1595 876 1687 ἐγκύμων
903 1588 989 1666 οῦσα
1014 1598 1074 1666 καὶ
1105 1592 1143 1663 ού

15 1698 16 1715 ’
135 1710 168 1762 15
185 1695 298 1787 πρόσω
312 1696 413 1768 τόκου
426 1696 737 1788 καταρχομένων’
693 1704 797 1791 αντῆς
809 1703 879 1770 τοῖν
894 1698 1058 1789 θντηρων
1073 1705 1142 1769 δια-

185 1802 364 1890 σεισαμένη
381 1798 469 1871 ταδ’
450 1808 673 1889 αποφνγοῦσα
685 1801 764 1885 τοῦς
776 1800 1010 1929 κατέχοντας”
988 1830 1061 1871 ανω
1079 1814 1141 1871 θα-

186 1901 304 2028 λύττης
325 1908 467 1974 έθει.Α
435 1910 572 1986 Λίῦείας
590 1906 629 1976 δὲ
641 1903 803 2032 μαθών”
784 1935 835 1976 οτι
853 1907 979 1997 ταύτην
998 1904 1065 1994 ἀρα
1084 1906 1172 1994 τὴν

184 2001 332 2132 ἡγεμόνα
351 2005 390 2076 τὰ
411 2012 584 2096 θέσφατον
612 2005 725 2091 αύτοῑς
748 2010 871 2099 ἐδήλου
891 2007 1141 2099 παρηκολούθει
1156 1996 1173 2077 ί

16 2099 17 2170 ἶ
79 2156 81 2160 -
185 2105 250 2179 σῦν
263 2106 387 2198 ὀλίγοις
408 2109 527 2201 μικρὸν
545 2107 825 2203 ὑπολειπόμενος,
848 2110 1067 2208 δεδοικωςμὴ
1078 2108 1146 2183 ὖπῠ

134 2225 169 2278 20
184 2211 338 2302 θορύβου
357 2218 426 2284 των
445 2214 639 2286 διωκόντων
658 2214 864 2306 ἀποτραπείη
884 2223 942 2307 τῆς
961 2214 1046 2286 κατά
1071 2222 1144 2286 δαί-

185 2341 271 2406 μονα
295 2313 387 2388 ὁδοῦ.
421 2321 477 2388 καὶ
491 2315 511 2408 ἡ
526 2319 589 2408 μὲν
602 2317 689 2408 ἀμφί
702 2318 779 2400 τοῦς
794 2329 900 2391 είκοσι
917 2323 974 2392 καί
986 2321 1145 2409 τέτταρας

42 2432 46 2437 “
145 2467 147 2470 -
185 2425 341 2502 σταδίους
361 2418 427 2491 ἀπὸ
439 2421 608 2511 θαλάττης
624 2428 805 2492 διελθοῦσα
824 2423 930 2511 λόφον
944 2421 1020 2495 τινὰ
1036 2445 1143 2512 προσ-

184 2524 373 2612 ανατρέχει,
400 2530 487 2595 ἔνθα
498 2521 565 2595 ῦπῦ
578 2525 938 2616 καμάτουμοχθύσασα
957 2529 1145 2610 καθέζεται.

184 2629 231 2718 τῷ
253 2625 290 2695 δέ
314 2632 435 2720 Αἰνείᾳ
459 2631 563 2712 (τέλος
590 2626 654 2718 γὰρ
680 2627 721 2699 τά
747 2629 961 2720 μαντεύματα
985 2631 1145 2718 έφαίνετο

134 2743 167 2795 25
185 2731 288 2815 ἔχειν)
308 2724 431 2818 ὁρῦντι
450 2729 487 2801 τὸ
499 2737 623 2820 χωρίον
638 2738 699 2822 γῆς
713 2761 749 2803 τε
762 2730 825 2802 οῦκ
837 2737 875 2804 έν
889 2737 980 2826 καλῷ
997 2731 1054 2802 καί
1075 2744 1144 2802 θα-

184 2828 302 2919 λάττης
315 2830 427 2919 πρόσω
441 2835 496 2904 καὶ
511 2833 591 2906 οῦδὲ
610 2835 731 2926 ταύτης
744 2839 987 2926 ἐνορμίσασθαι
1000 2833 1146 2924 ἀγαθῆς,

183 2932 290 3024 πολλὴ
299 2942 497 3022 παρίσταται
509 2936 693 3028 ἀμηχανία,
707 2939 831 3030 πότερα
842 2937 906 3030 χρὴ
918 2945 965 3034 τῷ
979 2938 1145 3032 θεσφάτῳ

184 3040 407 3127 πειθομένους
428 3036 532 3112 αύτοῦ
547 3057 733 3131 κατοικεῖν,
760 3049 846 3114 ἔνθα
865 3040 1017 3132 λυπηρὸν
1036 3044 1147 3112 είσαεί

182 3146 260 3229 βίον
274 3149 451 3231 τρίψουσιν
463 3141 759 3237 ούδενόςχρηστοῦ
771 3143 1007 3238 ἀπολαύοντες,
1022 3141 1043 3234 ἢ
1056 3171 1145 3231 προ-

131 3260 165 3312 30
181 3244 319 3368 σωτέρω
330 3249 495 3336 χωρητέον
507 3250 614 3318 ἐπὶ
571 3276 632 3338 γης
641 3247 816 3340 αμείνονος
825 3248 1015 3340 μάστευσιν.
1034 3254 1145 3319 ταῦτα

182 3343 281 3415 δὲ’
241 3351 332 3442 αυτῷ
352 3353 581 3460 διανοουμένῳ
598 3356 655 3424 καί
675 3351 754 3435 τοῦς
766 3352 871 3435 θεοὺς
892 3359 1002 3442 ἔχοντι
1022 3349 1072 3422 δι’
1086 3359 1143 3422 αί·

178 3447 291 3530 τίας”
269 3479 366 3540 αφνω
386 3455 515 3543 λέγεται
535 3484 633 3547 φωνη
652 3486 703 3539 τις
723 3461 839 3548 ἕκτης
858 3456 966 3548 νάπης
987 3453 1145 3546 ἀφανοῦς
