2367 3850
200 134 261 202 124
557 166 603 180 ····
655 134 685 197 Β
738 164 783 178 -·

197 296 311 388 μάτων
329 300 447 386 ἔμελλε
459 307 636 368 ποιεῖσθαι
643 350 654 385 ,
667 292 740 386 μετ’
756 293 953 387 ὀλοφυρμοῦ
964 294 1027 367 τόν
1040 322 1080 367 τε
1093 306 1151 368 Δία
1164 259 1166 332 7

197 397 352 481 καὶτοὺς
373 397 494 480 ἄλλους
516 404 703 494 αἰτουμένῳ
722 397 827 481 θεοὺς
846 410 940 471 αίσια
958 405 1084 490 σημεῖα
1103 408 1152 491 τῆς

198 502 314 589 ἐξόδου
326 508 445 573 δοῦναι
460 505 564 591 φασὶν
576 510 714 594 αἰθρίας
722 501 825 592 οὔσης
837 507 875 574 ἐκ
889 508 958 573 τοῖν
971 502 1152 595 ἀριστερῶν

197 604 364 696 ἀστράψαι
384 605 444 677 τόν
463 604 620 695 οὐρανόν.
660 612 722 677 τοῦ
743 604 778 678 δ’
792 604 925 694 άγῶνος
944 610 1084 678 ἐκείνου
1102 616 1151 677 λα-

47 745 49 750 ·
163 732 180 783 σ
197 709 316 799 βόντος
329 707 368 780 τό
381 704 558 798 κράτιστον
570 713 663 791 τέλος
683 716 852 801 διαμεσναι
868 708 959 800 παρά
975 727 1049 791 τοῖς
1065 710 1151 798 ἐκνό-

198 840 269 895 νοις
283 810 388 883 αάτοά
403 812 621 903 νομιζόμενον
637 823 750 884 αἴσιον
765 812 845 884 τόδε
858 812 896 883 τό
912 830 1066 903 σημεῖον.
1164 851 1165 854 “

273 915 331 985 Vl.
359 914 440 987 Τότε
458 914 492 985 δ’
508 907 571 997 οὖν
590 913 609 987 ὁ
624 912 788 1005 Ῥωμύλος
800 915 918 1013 ἐπειδὴ
931 915 973 987 τά
992 914 1088 1007 παρά
1101 922 1152 985 τοῦ

198 1025 375 1111 δαιμονίου
386 1022 508 1109 βέβαια
526 1022 729 1110 προσέλαβε,
743 1021 950 1108 συγκαλέσας
967 1018 1030 1091 τὸν
1053 1024 1151 1108 δῆμον

198 1130 246 1205 είς
260 1128 438 1212 ἐκκλησίαν
450 1126 507 1193 καὶ
521 1122 562 1193 τά
575 1140 715 1213 μαντεῖα
730 1122 882 1214 δηλάσας
895 1121 1061 1213 βασιλεὺς
1078 1121 1151 1192 άπο-

147 1240 180 1293 10
198 1233 369 1298 δείκνυται
393 1226 476 1315 πρὸς
494 1224 609 1297 αὐτῶν
621 1230 678 1299 καὶ
698 1226 920 1315 κατεστήσατο
940 1230 978 1297 έν
997 1234 1078 1298 ἔθει
1091 1243 1150 1305 τοῖς

197 1326 271 1421 μετ’
293 1327 396 1400 αὐτόν
425 1327 528 1401 άπασι
549 1329 632 1419 μήτε
655 1337 824 1419 βασιλείας
845 1330 926 1419 μήτε
947 1327 1055 1419 άρχάς
1078 1339 1151 1417 λαμ·

197 1432 332 1523 βάνειν,
351 1431 411 1504 έάν
431 1431 476 1523 μὴ
494 1435 550 1504 καὶ
565 1431 603 1503 τό
620 1433 796 1524 δαιμόνιον
814 1429 928 1515 αὐτοῖς
941 1436 1165 1521 έπιθεσπίσημ

198 1538 345 1626 διέμεινέ
356 1564 392 1607 τε
406 1540 500 1625 μέχρι
514 1543 641 1609 πολλοῦ
647 1536 900 1627 φυλαττόμενον
912 1532 979 1607 ὑπὸ
985 1533 1151 1626 Ῥωμαίων

197 1638 234 1711 τό
255 1643 332 1730 περὶ
344 1640 424 1719 τούς
447 1638 648 1729 οἰωνισμοὺς
672 1640 833 1731 νόμιμον,
861 1636 903 1709 οό
925 1637 1033 1729 μόνον
1061 1648 1148 1729 βασι-

120 1826 121 1829 ,
147 1760 179 1811 15
197 1745 378 1833 λευομένης
406 1748 465 1832 τῆς
492 1743 637 1831 πόλεως,
666 1741 752 1815 άλλά
779 1744 835 1813 καὶ
861 1742 943 1833 μετά
971 1742 1150 1813 κατάλυσιν

197 1850 269 1917 ταῖν·
286 1846 463 1936 μονάρχων
479 1850 524 1917 ’ἐν
550 1843 689 1918 ὑπάτων
717 1848 773 1917 καὶ
794 1852 989 1937 στρατηγῶν
1009 1848 1071 1915 καὶ
1089 1850 1166 1919 τάνλ

197 1949 310 2022 ἄλλων
327 1955 395 2019 τοῖν
413 1948 498 2022 κατὰ
512 1949 637 2039 νόμους
655 1948 830 2039 ἀρχόντων
845 1953 979 2039 αἱρέσει.
1024 1952 1165 2022 πέττον’

197 2081 251 2126 ται
270 2050 305 2124 δ’
319 2057 358 2124 ἐν
375 2069 443 2134 τοῖς
463 2052 544 2126 καθ’
566 2051 653 2145 ἡμᾶς
678 2055 826 2144 χρόνοις,
853 2051 941 2143 πλὴν
959 2047 1043 2136 οἷον,
1057 2051 1149 2124 είκάν

196 2185 246 2238 τις
262 2155 367 2227 αὐτοῦ
387 2166 535 2228 λείπεται
555 2163 614 2247 τῆς
631 2154 725 2238 ὁσίας
743 2155 845 2245 αὐτῆς
863 2161 963 2228 ἕνεκα
982 2157 1147 2247 γινομένη.

146 2276 180 2328 20
197 2260 483 2345 ἐπαυλίζονται
448 2289 510 2349 μεν
537 2259 617 2387 ράρ
622 2266 657 2330 οί
674 2259 733 2342 τάς
754 2257 856 2350 άρχάς
875 2263 1053 2350 μέλλοντες
1074 2270 1147 2348 λαμ·
1164 2232 1165 2269 ¹

196 2364 314 2454 βάνειν
340 2365 396 2434 καὶ
419 2362 550 2453 περὶ
517 2391 577 2434 τον
598 2361 727 2487 ὄρθρον
747 2361 961 2453 ἀνιστάμενοι
978 2366 1151 2434 ποιοῦνταί

196 2495 289 2548 τινας
309 2464 407 2554 εὐχάς
419 2462 598 2556 υπαίδριοι
606 2517 616 2554 ,
635 2471 704 2536 τοῖν
718 2467 756 2538 δὲ
769 2467 947 2555 παρόντων
957 2463 1077 2548 τινδς’
1061 2493 1146 2554 ορνι·

196 2568 376 2640 θοσκόπων
391 2569 516 2659 μισθόν
530 2573 566 2641 ἐκ
581 2598 642 2640 τον
629 2575 818 2660 δημοσίου
832 2569 1013 2659 φερόμενοι
1032 2567 1145 2657 άστρα-

197 2700 265 2758 πην
280 2669 398 2754 αὐτοῖς
411 2674 555 2762 μηνύειν
574 2676 671 2744 ἐκ
626 2702 694 2744 των
707 2671 894 2762 άριστερων
912 2694 1019 2762 φασιν
1032 2700 1096 2762 την
1112 2665 1146 2739 οὗ

198 2875 463 2967 ἀπέρχονται
424 2907 484 2959 τας
510 2876 613 2968 άρχάς
637 2879 911 2970 παραληψόμενοι
933 2885 968 2950 οἱ
990 2881 1054 2968 μὲν
1072 2873 1145 2949 αάτό

176 3037 181 3044 .
196 2978 299 3053 τοῦθ’
314 2977 432 3051 ίκανόν
449 2979 742 3071 ὑπολαμβάνοντες
762 2983 848 3053 εἶναι
868 2979 906 3051 τδ
918 2987 1046 3072 μηδένα
1059 2981 1143 3070 νενέ-

197 3097 279 3156 σθαι
298 3089 367 3154 τάν
381 3087 650 3172 ἐναντιουμένων
666 3115 703 3156 τε
721 3087 778 3156 καὶ
790 3084 993 3156 κωλυόντων
1013 3087 1145 3167 οἰωνόν,

197 3195 232 3260 οί
243 3188 281 3261 δὲ
300 3189 356 3258 καὶ
368 3185 458 3278 παρά
472 3187 508 3257 τὸ
522 3187 674 3278 βούλημα
685 3195 746 3258 τοῦ
763 3193 849 3262 θεοῦ
863 3187 1066 3274 κωλύοντος,
1083 3193 1143 3256 ἔστι

145 3313 179 3364 30
196 3290 260 3380 γάρ
276 3289 331 3362 ὅτε
345 3289 532 3381 βιαζόμενοι
550 3290 678 3372 καὶτὰς
691 3289 793 3380 άρχάς
807 3288 1008 3380 ἁρπάζοντες
1027 3297 1144 3380 μᾶλλον

196 3389 216 3482 ἢ
230 3394 465 3483 λαμβάνοντες.
481 3392 527 3466 δι’
544 3391 604 3476 οὓς
617 3397 673 3465 καὶ
686 3397 807 3466 πολλαὶ
821 3394 933 3484 μὲνέυ
945 3399 990 3485 γῇ
1005 3390 1142 3483 στρατιαὶ

192 3493 359 3585 Ῥωμαίων
385 3495 559 3570 άπάλοντο
577 3498 793 3587 πανώλεθροι
799 3551 810 3586 ,
828 3499 959 3569 πολλοὶ,
973 3495 1008 3570 δ’
1022 3497 1062 3570 ’έν
1086 3506 1141 3566 θα-
