2367 3850
422 38 651 105 -A-
973 42 1015 107 87

59 202 215 291 θρόνους
226 198 272 285 τός
283 203 365 285 θεὸς
377 200 480 294 ἠξίου.
504 200 643 294 ὄμβρων
656 204 695 274 δέ
707 207 764 275 καὶ
776 210 954 292 κεραυνόν
966 212 1015 288 εἰς

30 334 45 386 ς
59 306 221 377 τόνοῖκον
235 304 341 378 αὐτοῦ
354 308 639 397 κατασκηψάντων
656 312 715 398 τῆς
732 336 769 378 τε
782 316 916 399 λίμνης,
930 308 1014 399 παρ’

57 408 95 501 ἣν
107 415 213 481 οίκῶυ
227 410 404 499 ἐτύγχανε,
419 412 622 502 πλημμόραν
633 409 697 482 οόκ
711 420 876 483 είωθυῖαν
889 413 1011 502 λαβοό-

58 538 110 603 σης
124 517 373 597 κατακλυσθεὶς
392 522 565 595 πανοίκιος
578 511 772 587 άπόλλνται.
813 517 870 585 καὶ
886 520 951 585 νῦν
964 524 1012 586 ἐτι

58 618 292 707 διαλειποόσης
305 624 503 707 τῆςιλίμνης
516 621 554 689 ἐν
573 621 667 707 μέρει
686 620 770 704 τινὶ,
792 612 874 688 ὅταν
885 614 1046 693 &novo-⁶

57 722 153 811 στήση
168 719 206 790 τό
221 726 313 810 νᾶμα
325 724 381 792 καὶ
394 721 558 809 σταθερός
571 716 589 790 ὁ
603 718 713 811 βυθός
725 724 872 811 γένηται,
887 721 1011 793 παστά-

59 832 122 895 δων
131 827 266 914 ἐρείπια
279 826 337 894 καί
346 822 431 895 άλλα
444 824 604 913 οἰκήσεως
613 835 690 913 ίχνη
698 833 864 913 φαίνεται.
879 821 1010 897 Ἀουεν-

58 946 140 1009 τίνος
162 928 201 998 δὲ
218 926 310 1017 παρά
324 928 445 999 τούτου
464 926 526 1017 τὴν
546 933 750 999 δυναστείαν
766 928 1011 1017 διαδεξάμενος,

58 1029 111 1120 ἆρ’
126 1020 167 1100 οὗ
190 1037 262 1101 τῶν
281 1029 363 1101 ἑπτά
382 1032 498 1120 λόφων
517 1058 567 1113 τις
590 1031 765 1120 ἐπόνυμος
790 1033 922 1118 ἐγένετο
944 1037 1012 1102 τόν

59 1137 376 1223 συμπεπολισμένων
393 1142 434 1228 τῇ
445 1130 566 1223 Ῥάμη,
587 1135 767 1222 τριάκοντα
785 1136 841 1203 καί
859 1133 942 1205 ἐπτά
956 1142 1012 1225 ἐτη
1029 1156 1063 1211 10

58 1234 113 1325 τὴν
124 1234 232 1326 ἀρχὴν
248 1240 417 1326 κατέσχεν.
444 1237 580 1327 Πρόκας
598 1238 635 1308 δέ
649 1235 732 1327 μετὰ
748 1243 869 1308 τοῦτον
889 1246 944 1326 ἐτη
956 1249 1011 1309 εί·

59 1362 124 1409 κοσι
142 1342 200 1409 καὶ
220 1350 306 1427 τρία.
341 1346 454 1411 ἐπειτα
466 1338 614 1430 Ἀμόλιος
633 1338 675 1411 οό
695 1338 760 1411 σόν
775 1346 853 1430 δίκη
866 1338 929 1429 τὴν
949 1350 1010 1430 βα·

60 1451 179 1513 οιλείαν
193 1442 370 1532 κατασχόν
383 1448 548 1534 Νεμέτορι
564 1443 818 1533 προσήκουσαν,
837 1441 874 1525 ὃς
889 1436 932 1533 ἦν
950 1442 1011 1515 αδ-

59 1551 99 1638 τςό
114 1546 344 1635 πρεσβύτερος
357 1544 523 1635 άδελφδς,
545 1544 608 1617 δύο
625 1549 682 1618 καὶ
695 1547 935 1673 τετταράιμντα
955 1555 1011 1637 ἐτη

62 1616 262 1721 δυναστεύει.
297 1647 450 1739 Ἀμολίου
464 1652 504 1721 δὲ*
515 1633 788 1741 ἀναιρεθέντος
768 1677 837 1721 υπο
824 1646 1012 1740 Ῥωμύλον
1028 1664 1062 1718 15

61 1755 107 1822 καὶ
121 1748 282 1863 Ροόμου
272 1759 341 1823 ταῖν
359 1760 452 1825 ἐκ
413 1782 471 1842 της
491 1758 581 1844 ἱερᾶς
608 1753 708 1843 κόρης
728 1750 990 1843 γενομένων,
967 1780 1012 1835 ως
1081 1837 1095 1847 ,

62 1853 169 1928 αὐτίκα
191 1836 410 1946 λεχθήσεται,
430 1855 513 1980 μετά
532 1855 592 1928 τὸν
611 1862 744 1929 ἐκείνου
757 1857 909 1929 θάνατον
928 1852 1011 1928 άκο·

62 1957 265 2048 λαμβάνει
230 1989 292 2050 την
306 1961 388 2032 κατά
402 1961 508 2086 μόμον
521 1967 724 2032 δυναστείαν
737 1957 927 2050 Νεμέτωρ
912 1990 931 2032 ο
943 1989 1012 2031 των

61 2071 241 2134 νεανίσκων
260 2063 489 2153 μητροπάτωρ.
524 2091 571 2158 τῳ
592 2061 627 2134 δ
642 2067 714 2155 ἑξῆς
737 2073 803 2136 ἔτει
820 2070 879 2154 τῆς
901 2066 1011 2153 Νεμέ-

61 2194 144 2254 τορος
166 2165 288 2255 ἀρχῆς,
313 2169 459 2260 δευτέρῳ
480 2167 518 2238 δέ
538 2170 596 2238 καλ
617 2173 801 2262 τριακοστῷ
819 2169 876 2237 καὶ
895 2193 1010 2255 τετρα-
1029 2185 1063 2236 κο

30 2277 215 2364 λυκοσιοστςό
228 2268 309 2357 μετά
324 2269 385 2358 τὴν
402 2268 503 2340 Ἰλίου
518 2269 662 2356 ἅλωσιν,
680 2269 839 2340 άποικίαν
856 2275 1009 2340 στείλαν-

62 2401 105 2452 τες
130 2370 287 2461 Ἀλβανοὶ
315 2369 484 2463 Ῥωμύλου
498 2379 564 2466 Ικοιλ
584 2372 712 2462 Ῥοόμον
741 2374 804 2463 τήν
828 2368 1012 2461 ἡγεμονίαν
1068 2463 1070 2468 Ι

62 2473 151 2564 αὐτῆς
186 2477 333 2564 ἐχόντων
363 2485 509 2562 κτίζουσὶ
542 2475 670 2566 Ῥώμην
706 2484 814 2561 ἔτους,
832 2481 1012 2558 ἐνεστῶτος

63 2581 185 2666 πρώτου
206 2586 263 2668 της
283 2583 426 2670 ἑβδόμης
447 2577 671 2669 ὀλυμπιάδος,
693 2577 737 2669 ἢν
757 2584 853 2650 ἐνίκα
872 2580 1010 2650 στάδιον
1071 2584 1073 2587 ’

64 2687 201 2772 Δαῖκλῆς
210 2680 454 2771 Μεσσήνιος,”
432 2711 591 2773 αρχουτος
601 2680 924 2842 ἈθήνησιΧάροπος
939 2691 1011 2764 ἐτος
1027 2701 1060 2754 ιῖ

65 2791 112 2873 τῆς
124 2792 296 2866 δεκαετίας
308 2793 452 2875 πρῶτον.

126 2888 256 2964 LXXII.
287 2887 579 2984 Ἀμφισβητήσεως
612 2889 650 2959 δέ
677 2892 801 2977 πολλῆς
827 2885 929 2975 οὔσης
954 2889 1011 2957 καὶ

66 2995 205 3078 περὶτοῦ
225 2992 346 3080 χρόνου
365 2999 422 3082 τῆς
441 3002 579 3074 κτίσεως
598 2993 747 3079 καὶπερὶ
766 3019 836 3061 των
855 2993 1011 3061 οἰκιστῶν

66 3095 111 3187 τῆς
130 3100 255 3175 πόλεως
275 3092 413 3166 οόδέ’
372 3095 472 3176 αυτὸς
494 3095 588 3188 ᾤμην
601 3101 676 3166 δεῖν
696 3093 808 3182 ωσπερ
828 3089 1009 3182 όμολομοό·

66 3221 137 3280 μενα
153 3203 235 3287 πρὸς
257 3195 417 3268 ἁπάντων
430 3203 464 3282 ἐξ
484 3203 666 3288 ἐπιδρομῆς
686 3202 855 3268 ἐπελθεῖν.
891 3193 1008 3281 Κεφά-
1027 3211 1061 3268 30

68 3303 123 3367 λων
143 3301 203 3388 μὲν
223 3301 288 3390 γάρ
305 3298 324 3372 ὁ
344 3309 523 3391 Γεργίθιος
543 3298 759 3390 συγγραφεὺς
785 3295 926 3399 παλαιός
945 3295 1009 3366 πά-

67 3426 101 3468 νυ
114 3406 250 3498 δευτέρᾳ
262 3409 362 3498 γενεᾷ
373 3403 456 3495 μετὰ
465 3409 526 3476 τόν
541 3402 683 3474 Ἰλιακὸν
692 3402 841 3491 πόλεμον
857 3403 1012 3470 ἐκτίσθαι
