2367 3850
409 187 644 251 -Γ-·
950 189 1014 256 299

40 341 263 440 παραθέντας
285 364 354 429 τοῖς
380 356 566 440 Ίὶιρρηνοῖς
588 348 629 420 τὰ
650 356 742 439 τείχη
759 349 1014 441 τιμωρήσασθαι

40 451 338 541 προθυμούμενος.
377 455 509 541 ἐγένετο
522 454 585 543 μὲν
603 445 667 523 σύν
680 455 737 523 καί
750 455 787 523 έιι
800 454 1014 544 παρατάξεως

40 554 139 643 μάχη
160 570 229 635 τοῖς
244 551 423 643 Ῥωμαίοις
450 554 533 644 πρὸς
558 554 636 634 τούς
649 559 687 625 έιι
701 561 759 642 τῆς
778 556 907 636 πόλεως
921 561 1012 639 ἐξελ·

40 657 177 735 θύννας
209 659 266 726 καὶ
292 661 331 726 ἐν
356 673 428 738 ταῖς
459 665 683 747 τειχομαχίαις
714 655 808 745 ἀγάν
843 657 1012 747 καρτερός,

42 757 139 828 ἕάλω
154 755 186 826 δ’
203 749 265 828 ούν
279 788 299 848 η
288 755 409 842 πόλις
422 759 506 829 κατά
519 761 656 882 κράτος,
675 761 783 829 καὶί
747 789 766 829 ο
767 761 856 849 ίμέν
867 761 1012 850 φρουροί
1029 779 1047 830 σ

44 858 243 942 δεθεῆιτες“
221 889 289 949 αμα
301 877 370 942 τοῖς
384 859 496 942 ἀλλοις
507 867 581 932 τοῖν
594 867 780 950 Τυρρηνῶν
793 862 1013 951 αἰχμαλώτοις

42 954 136 1052 ἦσαν
153 967 190 1033 έν
205 969 359 1089 φυλακῇ,
380 969 577 1052 Φιδηναίων
600 964 638 1033 δὲ
659 970 694 1034 οί
711 971 890 1046 δοκοῦντες
911 977 1012 1036 αίτιοι

42 1067 223 1154 γεγονέναι
246 1071 304 1154 της
324 1064 536 1148 ἀποστάσεως
556 1095 574 1136 o
576 1063 708 1154 ίμλν’
688 1066 757 1136 νπδ
770 1077 941 1193 μαστίγων
958 1075 1010 1138 αί-

42 1169 223 1247 κτισθέντες
243 1171 281 1236 ἐν
299 1175 346 1263 τῷ
367 1173 506 1262 φανερῷ
524 1167 604 1248 τούς
622 1165 802 1256 αύχένας’
782 1171 1011 1295 απεκόπησαν,

7 1275 83 1338 boi
106 1269 145 1339 δὲ
173 1285 298 1357 φυγαῖς
325 1270 558 1360 ἐζημιώθησαν
584 1268 723 1351 ἀιδίοις·
739 1271 812 1352 τὰς
833 1274 870 1342 δὲ
896 1270 1011 1353 οὐσίας
1029 1291 1062 1344 10

43 1371 161 1440 αὐτοῖν
179 1374 334 1460 διέλαχον
354 1377 388 1442 οί
401 1369 700 1462 καταλειφθέντες
704 1383 869 1464 Ρωμαίων
882 1381 1015 1445 ἔποικοί

43 1501 82 1542 τε
99 1476 157 1544 καί
171 1478 367 1562 φρουροί
328 1504 385 1565 της
397 1475 535 1557 πόλεως.

125 1575 254 1646 LVIIII.
286 1585 466 1648 Τελευταία
489 1579 526 1648 δὲ
546 1577 634 1666 μάχη
641 1571 822 1666 Ῥωμαίων
842 1578 899 1646 καλ
923 1583 1009 1664 Τυρ-

44 1683 162 1767 ρηνσῐν
182 1681 316 1766 ἐγένετο
335 1680 463 1762 πόλεως
473 1678 617 1770 Ἤρητον
637 1688 780 1768 πλησίον
793 1684 832 1750 έν
844 1707 885 1767 τη
872 1683 1008 1764 Σαβί·

44 1808 119 1850 νων
143 1809 195 1872 γη.
237 1777 285 1850 δι’
308 1785 438 1872 ἐκείνης
466 1781 531 1872 γάρ
552 1783 751 1871 έποιησαντσ
775 1811 838 1871 την
857 1784 912 1852 ἐπὶ
932 1779 1010 1861 τούς
1028 1795 1061 1846 15

40 1879 233 1972 Ῥωμαίους
256 1888 371 1955 ἔλασιν
391 1889 425 1983 ρί
456 1886 623 1974 Τυρρηνοὶ
639 1880 875 1967 πεισθέντες
856 1882 924 1961 υπὸ
942 1888 1011 1953 τῶν

44 1989 119 2055 ἐκεῖ
135 1983 354 2158 δννατωρ,“
331 2014 375 2068 ως
389 1976 731 2076 συστρατευσομένων
744 1996 843 2076 σφίσι
856 2016 926 2056 των
939 1996 1009 2055 Σα-

44 2095 165 2176 βίνων.
194 2092 232 2158 αἱ
242 2086 306 2176 γάρ
322 2087 523 2173 ἕξαετείς’
480 2106 593 2170 αντοις
608 2088 742 2178 περὶ
702 2118 790 2176 ιηςε
792 2089 910 2181 ίρήνης
927 2087 1010 2177 πρὸς

48 2189 241 2274 Ταρκύνιον
260 2188 377 2280 ἀνοχαὶ
404 2192 652 2282 διεληλύθεσαν
680 2189 763 2280 ἤδη,
791 2192 847 2263 καί
874 2199 1010 2269 πολλοῖς

43 2299 115 2362 τῶν
135 2301 296 2381 Σαβίνων
316 2296 422 2376 πόθος
442 2288 486 2381 ἦν
509 2294 828 2382 ἐπανορθώσασθαι.
842 2291 901 2372 τάς
926 2319 1008 2379 προ·
1026 2309 1061 2361 ⁶20

43 2397 143 2482 τέρας
163 2393 263 2483 ἥττας
283 2399 572 2487 ἐπιτεθραμμένης
592 2400 631 2465 έν
658 2412 730 2475 ταῖς
756 2396 873 2469 πόλεσι
892 2394 1008 2484 νεότη-

42 2524 100 2577 τος
121 2502 247 2585 ἱκανῆς.
286 2496 327 2567 ού
343 2498 410 2587 μὴν
430 2499 578 2589 ἐχώρησέ
590 2527 630 2585 γε
643 2496 757 2577 αὐτοῖς
777 2494 913 2586 ἡπεῑρα
926 2494 1010 2566 κατά

42 2604 131 2669 νοῦν
156 2604 283 2668 θᾶττον
309 2604 529 2689 ἐπιφανείσης
554 2606 613 2690 τῆς
634 2597 812 2690 Ῥωμαίων
843 2604 1008 2689 στρατιᾶς,

42 2698 121 2770 οὐδ’
153 2704 319 2789 ἐξεγένετο
347 2701 427 2792 παρ’
450 2701 609 2792 οὐδεμιᾶς
637 2707 706 2771 τῶν
734 2702 866 2772 πόλεων
891 2700 1010 2790 κοινὴν

43 2803 274 2891 ἀποσταλῆναι
295 2820 364 2883 τοῖς
388 2813 572 2895 Τυρρηνοῖς
593 2810 802 2893 συμμαχίαν,
824 2803 910 2875 ἀλλά
930 2809 1007 2874 ἐθε·
1026 2822 1059 2873 25

40 2912 165 2993 ,λονταί
182 2933 271 2986 τινες
294 2907 524 2997 ἐπεκούρησαν
544 2904 657 2987 αὐτοῖς
670 2903 779 2995 ὀλίγοι
800 2919 937 2994 μισθοῖς
950 2932 1008 2994 με·

43 3008 159 3096 γάλοις
180 3004 399 3096 ὑπαχθέντες.
438 3012 475 3080 έκ
495 3009 617 3097 ταύτης
641 3014 701 3097 τῆς
723 3008 828 3098 μάχης
853 3016 1010 3096 μεγίστης

43 3115 113 3181 τῶν
126 3112 299 3199 προτέρων
317 3115 508 3201 γενομένης,
524 3110 605 3191 ὅσας
616 3110 701 3199 πρὸς
715 3108 878 3199 ἀλλήλους
892 3112 1007 3179 ίπολί.

4 3230 30 3283 ὓθ
44 3224 179 3302 μησαν,
194 3211 235 3282 τά
249 3215 311 3302 μὲν
321 3211 499 3302 Ῥωμαίων
519 3213 696 3303 πράγματα
709 3209 911 3300 θαυμαστὴν
925 3209 1009 3298 ὅσην

44 3318 198 3385 ἐπίδοσιν
219 3321 319 3405 ἔλαβε
341 3322 441 3405 νίκην
454 3317 725 3405 ἐξενεγκαμένων
738 3322 936 3401 καλλίστην,
952 3315 1009 3382 καί
1024 3330 1059 3382 30

45 3426 179 3504 βασιλεῖ
199 3424 377 3509 Ταρκυνίῳ
397 3417 459 3507 τὴν
477 3413 880 3507 τροπαιοφόρονπομπην
905 3413 1006 3483 κατά·

44 3548 119 3607 γειν
139 3517 162 3609 η’
180 3547 219 3593 τε
237 3519 344 3615 βουλὴ
366 3522 423 3594 καί
442 3518 578 3610 ὁδῆμος
595 3520 800 3604 ἐψηφίσατο,
825 3514 866 3587 τά
882 3515 919 3587 δὲ
939 3520 1007 3586 τάν
