2367 3850
425 133 654 228 *ff*

42 321 150 421 μενος
163 290 278 374 τούτοις
297 319 357 364 του
343 293 528 384 πολέμου.
558 289 673 366 καθ’
630 323 727 386 μεχρι
745 291 868 364 τούτου
888 292 1016 383 λε’ληθα

42 397 233 524 Ῥωμαίους
252 402 357 467 ταῦτα
381 399 536 486 πράττων
555 401 614 469 καὶ
627 397 865 486 ταμιευόμενος
883 402 1017 492 ἐμαυτῷ

49 501 110 585 τόν
130 505 189 589 τῆς
203 502 386 581 ἐπιθέσεως
405 503 541 590 καιρόν
563 493 643 571 ἐν
615 531 641 595 μ
655 504 827 584 σκέψασθε
846 498 909 570 ὅσα
922 497 1014 587 ύφε·

48 602 283 728 ληθησύμεθα.
311 608 447 729 πρῶτον
453 601 566 694 μέν’
528 631 591 674 ουκ
606 571 643 675 ἐν
656 631 794 697 φανερητ
780 603 1013 691 ’βουλεύσαν-

49 735 105 786 τες
126 703 330 792 ἀπόστασιν,
347 698 447 778 ἐν
419 735 445 801 μ
468 699 671 788 κίνδυνος
648 736 692 797 ην
716 703 799 778 καθ’
815 702 1015 794 ἐκάτερον”
992 723 1049 795 ησ

48 806 311 896 ἀπαρασκεύως
338 811 556 898 ἐπειχθέντας
584 811 707 900 καλιῇ
737 817 845 901 οἰκείᾳ
872 808 1016 898 δυνάμει

48 913 138 1002 μόνη
152 908 395 993 πιστεύσαντας
411 911 471 983 τόν
485 909 603 1001 ύπλρ
584 913 745 983 ααάντων
758 910 942 1000 άναρρλυαι
954 912 1014 982 κύ-

6 1029 33 1080 λο
49 1023 131 1104 βου,
151 1009 174 1103 ῆ
193 1018 547 1104 παρασκευαζομένους
567 1019 624 1085 καὶ
642 1022 805 1105 βοηθείας
823 1019 1016 1102 ἐγείραντας

47 1116 118 1188 ὑπὸ
132 1122 203 1188 τοῖν
216 1119 254 1188 ἐν
266 1123 462 1209 παρασκευῇ
480 1116 589 1190 ὄντων
602 1123 942 1207 προκαταληφθῆναι,
956 1114 1015 1186 ού-

50 1223 192 1310 θετίρου
212 1224 283 1289 τοῖν
302 1226 457 1309 χαλεπόν
474 1221 605 1292 τούτων
618 1223 837 1310 πειραθέντες
851 1219 889 1290 τὸ
901 1222 936 1302 ἐξ
950 1216 1013 1308 άμ·
1032 1239 1067 1291 10

50 1325 209 1412 φοτίρον
221 1322 383 1414 χρῆσιμον
397 1328 524 1414 ἕξομεν.
550 1333 665 1395 ἔπειτα
677 1323 805 1413 πολλῆν
818 1325 874 1393 καλ
888 1329 1014 1393 δυσκο-

50 1429 198 1516 λίμητον
218 1418 325 1498 ούσαν
345 1425 407 1516 τῆν
425 1431 494 1498 τόν
515 1424 709 1498 ἀντιπάλων
727 1425 826 1515 ἰσχύν
841 1429 897 1495 καὶ
910 1424 1017 1514 τύχην

50 1527 115 1599 ούκ
141 1532 180 1600 ’ἐκ
205 1536 266 1599 τού
285 1537 400 1617 βιαίου
418 1531 546 1619 τρόπον
568 1529 799 1620 πειρασόμεθα
824 1539 1016 1616 καθαιρεῖν,

50 1629 128 1702 ἀλλ’
144 1627 194 1712 οἷς
214 1628 383 1704 ἁλίσκεται
403 1633 511 1704 πάντα
530 1632 571 1704 τά
588 1630 762 1722 ὑπέραυχα
780 1633 837 1702 καὶ
856 1629 901 1719 μὴ
914 1630 1017 1722 ῥᾴδια

51 1743 98 1830 τῷ
112 1741 214 1827 βιαίῳ
232 1742 500 1826 καθαιρεθῆναι,
515 1737 606 1830 θόλῳ
619 1739 675 1806 καλ
689 1734 816 1827 ἀπάτη,
830 1731 909 1804 ούτε
921 1738 1014 1822 πρά·
1033 1754 1067 1806 1³

51 1865 104 1908 τοι
124 1837 284 1932 ἄρξαντες
303 1837 416 1910 αύτύν
430 1838 508 1910 οὔτε
521 1839 628 1930 μόνοι.
656 1837 739 1931 πρὸς
757 1840 793 1908 δὲ
809 1836 938 1918 τούτοις
953 1833 1017 1907 ούκ

52 1940 220 2034 ἀξιομάχῳ
241 1940 324 2034 ούοη
347 1948 388 2033 τῆ
410 1950 516 2035 οἰκεία
537 1944 678 2033 δυνάμει
701 1942 783 2031 πρὸς
802 1941 937 2012 ἅπασαν
954 1939 1017 2030 τῆν

47 2043 228 2133 Ῥωμαίων
251 2074 286 2115 τε
303 2049 440 2121 καὶτῶν
461 2047 645 2137 συμμάχων
659 2044 757 2136 ἰσχύν
776 2043 1018 2133 ἀντιταχθῆναι

52 2147 114 2238 τῆν
130 2153 328 2236 Φιδηναίων
347 2178 382 2220 τε
402 2153 460 2221 καλ
483 2148 702 2221 Ούιεντανάν
723 2146 890 2236 τοσαύτην
909 2138 1018 2217 οὖσαν

51 2249 137 2341 ὅσην
144 2246 243 2339 ὁρᾶτε
254 2254 526 2343 προσειλήφαμέν
538 2281 584 2339 τε,
599 2254 656 2325 καὶ
665 2247 711 2333 ὥς
724 2248 769 2322 ἀν
781 2251 923 2340 μάλιστα
929 2249 1017 2336 θάρ·
1034 2268 1069 2320 2⁰

52 2377 111 2435 σος
123 2356 192 2425 τινὶ
207 2364 394 2445 συμμαχίας
414 2362 556 2445 βεβαίου
570 2356 608 2425 τό
623 2351 839 2443 ἐπικουρικόν
854 2350 1018 2440 παράσχοι

53 2456 327 2547 προσγενόμενον
346 2456 435 2529 οὕτω
452 2458 724 2549 παρεσκεύασταί
747 2484 812 2546 μοι.
845 2453 888 2526 ού
899 2452 964 2542 γάρ
980 2457 1019 2523 ἐν

54 2564 97 2652 τῆ
116 2556 263 2654 ῆμετέρηι
285 2567 328 2651 γῆ
352 2566 530 2650 Φιδηναῖοι
548 2562 609 2632 τὸν
629 2560 744 2649 ἀγῶνα
764 2557 942 2648 ἀράμενοι,
960 2561 1019 2645 τῆς

5 2682 37 2731 177
55 2664 93 2735 δὲ
119 2660 233 2735 νύτύν
265 2662 590 2753 προκινδυνεύοντες
617 2666 656 2734 ἐν
682 2668 729 2757 τῷ
756 2660 849 2757 αύτῷ
875 2662 932 2731 καλ
956 2658 1020 2748 τῆν

53 2763 220 2857 ἡμετέραν
233 2767 450 2854 φυλάξουσιν.
479 2766 545 2839 όθλ
555 2768 692 2839 πάντων
701 2768 764 2857 μέν
776 2770 869 2837 ἐστιν
880 2762 1019 2853 ῆθιοτον
1035 2784 1069 2836 οσ
1154 2853 1156 2859 s

54 2868 268 2959 ἀνθρώποις,
299 2877 448 2951 σπανίας
470 2874 511 2941 (λε’
534 2893 623 2941 τισιν
646 2873 684 2940 ἐκ
708 2874 770 2939 τού
790 2867 1020 2960 παρελθόντος

55 2978 178 3053 αλοῐνος
193 2975 378 3061 ἐξεγένετο,
392 2976 447 3045 καλ
461 2970 651 3063 τοῦθ’ῆμλν
664 2968 822 3061 ὑπάρξει·
837 2971 1021 3057 πάσχοντες

55 3073 121 3147 ὑπὸ
143 3081 212 3145 τοῖν
226 3075 411 3166 συμμάχων
432 3068 471 3147 εὖ
485 3082 571 3167 δρᾶν
591 3079 742 3157 ἐκείνους
755 3072 851 3145 αύτοὶ
868 3072 1019 3161 δόξομεν.

55 3178 111 3249 καλ
133 3176 193 3247 ἐὰν
216 3176 296 3268 ῆμίν
316 3178 399 3249 κατά
417 3186 500 3249 νοῦν
513 3179 647 3269 χωρῆση
663 3178 701 3248 τό
715 3186 830 3266 ἔργον,
853 3174 965 3263 ὥσπερ
982 3174 1020 3244 τό

56 3278 145 3361 εἰκός
176 3287 259 3370 ἔχει,
291 3287 473 3371 Φιδηναῖοί
495 3311 531 3353 τε
560 3285 617 3351 καὶ
654 3279 854 3351 Οὐιεντανοὶ
884 3284 1020 3367 βαρείας
1037 3302 1072 3355 30

54 3382 301 3468 ἀπαλλάξαντες
314 3380 400 3473 ῆμᾶς
412 3381 580 3475 ὑποταγῆς
601 3381 646 3463 ὡς
659 3380 828 3472 ἀφ’ῆμαῑν
844 3387 944 3451 τοῦτο
961 3407 1020 3451 πε-

55 3487 220 3571 πονθότες
234 3484 329 3559 αύτοὶ
343 3487 443 3577 χάριν
456 3483 537 3577 ἡμῖν
550 3500 705 3559 είοονται.
734 3489 840 3555 ταύτα
852 3486 916 3573 μέν
930 3488 1022 3561 ἐστιν
