2367 3850
553 117 788 178 -Β-

189 284 247 368 τῆς
263 275 435 369 Ῥωμαίων
450 277 595 362 πόλεως·
623 283 738 350 ἔπειτα
759 275 880 370 ὀμόσας
900 274 950 349 ότι
970 276 1052 366 πρὸς
1071 275 1129 348 ἄδι-

189 388 318 454 κοῦσαν
338 391 466 472 ἐρηεται
482 382 582 454 πόλιν
601 383 658 452 καὶ
680 379 763 472 άρδις
781 381 840 463 τάς
854 389 1008 473 μεγίστας
1021 387 1051 452 εί
1063 381 1128 465 νεό-

190 492 282 558 δοιτο
309 486 560 577 ἐπαρασάμενος
588 487 699 581 ἑαυτῷ
721 514 757 556 τε
784 487 840 558 καὶ
865 491 907 576 τῇ
928 482 1050 576 Ῥῶμη,
1074 482 1129 555 τότ’

191 589 285 671 ἐντός
305 588 452 681 ᾔειπῶν
470 587 578 681 ὅροιν·
609 598 722 662 ἔπειτα
745 587 811 683 ότφ
833 589 954 683 πρῶτφ
978 587 1132 692 περιτόγοι

139 699 310 764 4στοότον
335 693 660 784 ἐπιμαρτυράμενος,
699 704 766 764 εἶτε
792 701 861 765 τῶν
886 690 1059 783 ἀγροίκων
1080 701 1132 762 είτε

189 803 258 868 τῶν
280 801 461 866 πολιτικῶν
487 807 555 887 εἴη,
585 799 642 868 καὶ
670 794 728 878 τάς
752 795 855 878 αὐτάς
882 797 1046 884 προσθεὶς
1067 791 1133 881 άρδς

189 895 271 989 πρὸς
292 897 354 991 τὴν
374 899 474 968 πόλιν
494 898 596 994 ᾤχετο
615 892 700 993 κᾷτα
714 903 795 989 πρὶν
810 907 857 982 εἰς
869 898 931 990 τὴν
944 900 1045 971 πόλιν
1062 925 1131 985 παρ-

189 1013 307 1074 ελθεῖν
326 1000 386 1073 τὸν
404 1003 564 1093 πυλωρόν
583 998 605 1092 ἦ
624 1002 684 1075 τόν
704 1009 837 1093 πρῶτον
854 1001 1089 1093 άπαντήσαντα
1106 1005 1133 1070 ἐν
1156 1033 1157 1040 “

187 1124 261 1188 ταῖς
279 1103 400 1188 πάλαις
420 1104 478 1177 τὸν
505 1104 753 1198 αὐτὸντρόπον
774 1108 1080 1198 ἐπιμαρτυράμενος
1098 1110 1133 1185 είς

139 1227 173 1280 10
189 1210 251 1299 την
271 1208 399 1299 άγορδιν
418 1209 553 1301 προῄει·
578 1213 650 1281 ἐκεῖ
670 1211 708 1281 δὲ
735 1209 899 1293 καταστάς
922 1227 992 1292 τοῖς
1012 1214 1050 1281 ἐν
1061 1211 1133 1278 τέλει
1156 1219 1159 1360 ρ

189 1316 265 1405 περὶ
280 1307 329 1384 ῶν
347 1310 423 1402 ἥκοι
439 1315 606 1403 διελέγετο
627 1321 788 1404 πανταχῇ
802 1313 879 1396 τοός
897 1342 933 1386 τε
951 1312 1072 1405 ὅρκους
1089 1311 1132 1382 καὶ
1158 1361 1159 1376 ι

188 1417 246 1499 τδις
265 1415 348 1508 άράς
366 1426 570 1505 προστιθείς.
599 1422 631 1488 εί
642 1417 705 1506 μὲν
723 1410 786 1488 οόν
811 1414 966 1508 ὖπέχοιεν
981 1415 1040 1498 τάς
1054 1422 1133 1500 δίκας

188 1520 432 1612 παραδιδόντες
452 1518 529 1602 τούς
558 1525 597 1592 ἐν
617 1535 688 1602 ταῖς
712 1526 850 1609 αίτίαις,
875 1518 974 1612 άπῄει
989 1519 1068 1601 τούς
1085 1516 1132 1588 άν-

190 1630 272 1715 δρας
297 1623 439 1715 άπάγων
459 1632 557 1714 φίλος
580 1652 617 1694 τε
643 1621 708 1714 ἤδη
728 1625 876 1715 γεγονῶς
895 1627 962 1694 καδ
979 1621 1070 1713 παρά
1088 1626 1132 1710 φί-

24 1750 26 1755 ’
140 1753 172 1804 15
190 1738 275 1799 λων·
304 1735 336 1798 εέ
360 1729 396 1799 δὲ
415 1723 611 1816 χρόνονέἲς
633 1727 763 1817 βουλήν
783 1729 974 1818 αἰτήσαιντο
994 1731 1162 1838 δίποδι-λλ

189 1828 268 1911 δοός
295 1827 419 1920 ἡμέρας
451 1837 648 1920 παρεγίνετο
683 1832 785 1903 πάλιν
819 1835 875 1902 καὶ
912 1833 1007 1924 μέχρι
1038 1835 1133 1926 τρίτης

187 1934 347 2024 αἰτήσεως
364 1932 548 2022 άνεδίχετο.
590 1942 803 2007 διελθουσῶν
823 1937 860 2007 δὲ
881 1942 949 2005 τῶν
967 1935 1132 2025 τριάκοντα
1162 2006 1163 2009 ,

187 2027 338 2130 ἡμερῶν,
366 2047 398 2109 εί
421 2036 467 2127 μὴ
495 2056 654 2129 παρεῖχεν
680 2036 773 2134 αὐτῷ
797 2039 839 2111 τά
865 2036 1018 2128 δίκαιαόη
1043 2037 1131 2120 πόλις,

187 2141 467 2232 ἐπικαλεσάμενος
484 2142 563 2223 νοός
582 2172 620 2214 τε
639 2139 819 2233 οὐρανίους
833 2145 889 2213 καὶ
903 2148 1132 2229 καταχθονίους

138 2273 171 2324 20
188 2244 290 2327 θεοὺς
314 2242 431 2339 άπῄει,
458 2252 595 2318 τοσοῦτο
620 2247 726 2335 μόνον
753 2245 859 2317 είπῶν
885 2244 936 2315 ὅτι
963 2244 1132 2335 βουλεόσε·

187 2378 242 2420 ται
262 2353 339 2439 περὶ
360 2346 474 2421 αότῶν
492 2346 697 2440 ἡῬωμαίων
718 2350 814 2431 πόλις
835 2347 891 2439 ἐφ’
907 2346 1055 2437 ἡσυχίας.
1089 2346 1133 2417 καὶ

144 2513 150 2525 ,
187 2452 269 2542 μετά
289 2458 386 2525 τοῦτο
412 2450 600 2542 άπίφαινεν
620 2460 667 2534 είς
688 2451 750 2542 τὴν
769 2452 897 2543 βουλὴν
910 2449 977 2540 άμα
998 2470 1068 2534 τοῖς
1084 2448 1132 2520 άλ-

161 2606 164 2611 -
187 2567 258 2636 λοις
279 2562 504 2646 εἰρηνοδίκαις
523 2556 793 2647 παραγενόμενος
813 2555 862 2627 ὅτι
879 2559 1066 2645 πέπρακται
1079 2556 1134 2625 πάν

188 2656 302 2739 αὐτοῖς
328 2658 408 2729 ὅσον
429 2652 473 2748 ἦν
501 2658 595 2733 ὅσιον
623 2666 659 2733 ἐκ
678 2667 747 2731 τῶν
774 2665 874 2746 ἱερῶν
895 2660 1010 2748 νόμιον
1040 2661 1094 2729 καὶ
1110 2660 1135 2724 εί

137 2780 170 2832 25
188 2760 364 2852 βούλοιντο
384 2772 590 2850 ψηφίζεσθαι
613 2764 759 2854 πόλεμον
779 2761 881 2834 οὐδὲν
907 2771 997 2835 ἔσται
1018 2759 1056 2833 τὸ
1077 2787 1134 2834 κο·

187 2871 292 2937 λόσον
313 2862 378 2935 άπὸ
397 2872 502 2937 θεῶν.
544 2874 575 2939 εί
596 2872 638 2939 δέ
654 2898 686 2939 τι
706 2866 752 2958 μὴ
770 2870 899 2955 γένοιτο
916 2864 1047 2936 τούτων
1068 2862 1133 2935 οότε

185 2966 207 3061 ἡ
234 2966 339 3059 βουλὴ
367 2975 470 3059 κυρία·
494 2961 536 3058 ἦν
562 2974 833 3061 ἐπιψηφίσασθαι
855 2970 1002 3057 πόλεμον
1030 2966 1103 3040 οὔτε
1120 2959 1155 3055 ὅ,

188 3078 300 3162 δῆμος.
324 3074 401 3164 περὶ
415 3072 479 3163 μὲν
491 3065 554 3144 οὖν
567 3079 635 3145 τῶν
650 3078 870 3165 εἰρηνοδικῶν
883 3077 1026 3143 τοσαῦτα
1042 3097 1134 3161 παρε-

135 3192 138 3201 ’
185 3176 341 3265 λάβομεν.
441 3257 443 3260 ¹

136 3294 169 3347 ³0
258 3277 402 3348 LXXHI.
430 3285 625 3357 Τελευταϊος
646 3275 679 3347 δ’
701 3269 744 3367 ἦν
764 3282 822 3367 τῆς
841 3276 941 3365 Νόμα
966 3276 1136 3360 διατάξεως

187 3380 345 3469 μερισμὸς
358 3378 444 3469 ὑπὲρ
459 3385 527 3451 τῶν
541 3384 658 3466 ίερῶν,
674 3369 723 3449 ῶν
738 3386 855 3468 ἐλαχον
869 3384 902 3449 οί
912 3377 973 3469 τὴν
985 3388 1135 3470 μεγίστην

189 3481 277 3569 παρὰ
286 3478 455 3573 Ῥωμαίοις
468 3488 637 3576 ίερατείαν
651 3484 706 3554 καὶ
722 3485 873 3565 ἐξουσίαν
887 3490 1026 3572 ἔχοντες.
1053 3472 1135 3553 οὗτοι
