2367 3850
398 153 634 215 -3-

50 314 262 406 ποιησόμενοι
276 317 333 385 καί
348 314 406 386 διά
423 321 522 386 τοῦτο
534 314 676 404 μάλιστα
689 311 767 396 τοῦς
787 312 890 394 θεούς
903 317 997 403 ἐσχη-

50 420 138 500 κότες
158 423 196 490 έν
215 435 284 501 τοῖς
302 419 475 500 κινδύνοις
494 415 654 509 εὐμενεῖς.
697 417 828 489 ἅπαντα
850 417 913 507 μέν
936 409 1000 488 οὖν

50 520 106 593 ὅσα
119 520 292 593 ἀνάκειται
305 523 434 605 τούτοις
447 537 517 604 τοῖς
529 527 754 612 εἰρηνοδίκαις
768 526 927 593 ἐπελθεῖν
942 519 998 591 διόι

50 631 177 715 πλῆθος
200 623 241 697 ού
267 625 402 720 ῥᾴδιον,
429 625 654 715 κεφαλαιώδει
679 622 710 696 δ’
733 621 915 714 ὑπογραφῇ
936 630 996 715 δη·

52 735 149 800 λώσαι
170 727 278 800 τοιοίδ’
302 734 388 800 ἐστί·
423 729 604 819 φυλάττειν
626 736 682 802 ἵνα
703 719 830 818 μηδένα
848 724 997 818 Ῥωμαῖοι
1014 759 1031 809 5

21 833 194 925 σπόλεμον
213 835 409 922 ἐξενέγκωσι
431 832 515 903 κατὰ
536 839 700 924 μηδεμιᾶς
726 831 913 903 ἐνσπόνδου
938 831 997 902 πό-

51 945 128 1017 λεως
154 935 291 1025 ἀδικον,
321 933 494 1027 ἀρξάντων
522 938 560 1008 δὲ
586 943 839 1024 παρασπονδεῖν
861 941 908 1016 εἰς
937 932 998 1006 αό-

51 1038 122 1121 τοῦς
143 1042 269 1130 ἑτέρων
293 1039 546 1132 πρεσβεύεσθαί
555 1069 591 1111 τε
611 1042 667 1112 καὶ
680 1036 721 1109 τά
740 1045 853 1111 δίκαια
865 1043 1000 1126 πρώτον

53 1148 154 1214 αἰτεῖν
166 1144 273 1238 λόγφ,
300 1144 360 1214 ἐὰν
377 1145 414 1215 δὲ
433 1142 479 1234 μή
491 1152 677 1215 πείθονται
691 1159 761 1224 τοῖς
780 1139 998 1232 ἀξιουμένοις,

53 1243 114 1315 τότ’
138 1249 324 1335 ἐπικυροῦν
339 1246 400 1318 τόν
416 1247 573 1336 πόλεμον.
607 1243 727 1337 ὁμοίως
740 1245 777 1316 δέ
791 1241 856 1317 κάν
870 1242 997 1317 ἀδικεῖ·
1016 1274 1049 1326 10

53 1357 130 1420 σθαί
139 1378 230 1432 τινες
249 1347 317 1420 ῦπό
325 1346 493 1441 Ῥωμαίων
513 1354 690 1420 ἔνσπονδοι
711 1351 864 1437 λέγοντες
884 1347 925 1419 τά
946 1355 997 1420 δί-

54 1481 123 1521 καια
147 1459 281 1540 αἰτώσι,
307 1455 445 1535 τούτους
465 1452 701 1542 διαγινώσκειν
723 1450 800 1534 τοῦς
823 1451 948 1543 ἀνδρας
969 1463 1004 1522 εί

54 1582 80 1623 τι
95 1556 309 1628 πεπόνθασιν
328 1564 515 1629 ἔκσπονδον
533 1559 589 1626 καί
604 1554 663 1626 ἐάν
680 1555 799 1638 δόξωσι
820 1556 860 1627 τῦ
874 1556 998 1646 προσή-

54 1685 147 1728 κοντα
174 1665 328 1748 ἐγκαλεῖν
357 1659 435 1742 τοῦς
462 1660 598 1748 ἐνόχους
624 1674 696 1740 ταῖς
725 1665 846 1740 αἰτίαις
875 1668 997 1729 συλλα-

56 1761 169 1849 βόντας
190 1764 346 1845 ἐκδότους
363 1779 432 1846 τοῖς
454 1747 647 1851 ἀδικηθείσι
665 1762 889 1852 παραδιδόναι
910 1763 998 1833 τότε
1016 1784 1048 1838 15

57 1867 124 1953 περὶ
149 1864 227 1950 τούς
254 1866 459 1958 πρεσβευτὰς
484 1865 672 1956 ἀδικήματα
698 1867 844 1951 δικάζειν
875 1868 931 1937 καί
959 1865 999 1937 τοὶ

44 1973 124 2057 ’περὶ
142 1970 202 2053 τός
218 1971 391 2060 συνθήκας
410 1971 486 2043 ὅσια
507 1970 690 2061 φυλάττειν
711 1971 848 2063 εἰρήνην
866 1998 902 2041 τε
924 1997 997 2040 ποι-

57 2085 162 2144 εῖσθαι
188 2078 244 2145 καί
268 2078 512 2165 γεγενημένην,
540 2072 599 2145 έάν
618 2073 663 2165 μή
683 2073 766 2145 κατὰ
786 2074 864 2154 τοῦς
890 2071 1000 2161 ἱερούς

57 2175 128 2265 δόξῃ
159 2184 352 2269 πεπρᾶχθαι
386 2179 527 2269 νόμους,
562 2175 714 2266 ἀκυροῦν
753 2180 809 2249 καί
842 2174 900 2257 τός
930 2180 999 2246 τών

56 2287 243 2370 στρατηγών
269 2292 496 2373 παρανομίας,
529 2276 606 2351 ὅσαι
632 2287 711 2368 περί
733 2308 769 2351 τε
795 2280 915 2371 ὅρκους
943 2281 999 2349 καὶ
1017 2292 1051 2344 20

56 2384 196 2466 σπονδὰς
231 2388 479 2472 ἐπιτελοῦνται,
522 2381 805 2473 διαγινώσκοντας
828 2380 998 2471 ἀφοσιοῦ-

56 2497 148 2574 σθαι,
175 2490 252 2575 περὶ
274 2478 323 2557 ών
343 2487 427 2560 κατὰ
445 2484 523 2567 τούς
544 2492 691 2569 οἰκείους
710 2483 847 2574 καιρούς
865 2485 998 2574 ποιήσο-

57 2617 109 2676 μαι
127 2588 188 2661 τόν
214 2591 323 2679 λόγον.
363 2590 404 2662 τῦ
430 2592 468 2663 δέ
496 2592 573 2680 περὶ
594 2589 652 2671 τάς
678 2594 912 2678 ἐπικηρυκείας
936 2585 999 2658 ὑπ’

57 2690 161 2762 αότών
186 2694 364 2784 γινόμενα,
398 2691 454 2766 ὅτε
487 2692 549 2784 τήν
575 2694 721 2777 δόξασαν
745 2690 876 2764 ἀδικεῖν
902 2692 1001 2764 πόλιν

58 2803 175 2866 αἰτοῖεν
201 2803 297 2879 δίκας
325 2796 434 2883 (ἀξιον
459 2796 524 2887 γάρ
545 2798 629 2887 μηδὲ
652 2793 747 2867 ταῦτ’
763 2794 899 2886 ἀγνοεῖν
918 2793 1001 2867 κατά
1017 2812 1050 2862 25

20 2916 46 2969 λι
59 2898 177 2990 πολλὴν
197 2908 363 2992 φροντίδα
381 2907 449 2972 τών
463 2898 566 2971 ὁσίων
586 2903 643 2970 καὶ
666 2907 805 2972 δικαίων
827 2899 1001 2989 γινόμενα)

59 3010 186 3074 τοιαῦτα
200 3008 406 3095 παρέλαβον·
435 3001 482 3085 εἷς
495 3001 557 3093 μέν
571 3007 608 3073 ἐκ
621 3010 689 3075 τών
703 3008 939 3096 εἰρηνοδικῶν,
962 2996 1005 3069 ὃν
1099 2998 1102 3013 ’
1146 2986 1158 3015 ⁵

59 3112 90 3173 οί
104 3110 212 3179 λοιποὶ
232 3116 516 3197 προχειρίσαιντο,
545 3110 789 3199 κεκοσμημένος
809 3109 924 3194 ἐσθῆτι
947 3105 1003 3173 καὶ

60 3210 240 3301 φορήμασιν
255 3218 372 3298 ἱεροῖς,
391 3217 448 3282 ἵνα
466 3210 622 3299 διάδηλος
634 3203 655 3301 ή
669 3210 758 3298 παρὰ
771 3206 849 3289 τούς
870 3204 1002 3294 ἀλλους,

61 3317 100 3391 εἰς
118 3313 179 3404 τήν
195 3320 265 3385 τών
284 3313 495 3386 ἀδικούντων
515 3324 713 3401 παρεγίνετο
733 3312 845 3381 πόλιν·
871 3308 1004 3391 έπιστάς
1021 3328 1055 3381 30

61 3414 91 3483 δὲ
109 3434 176 3499 τοῖς
197 3414 301 3507 ὁρίοις
326 3419 386 3488 τόν
406 3446 443 3489 τε
463 3428 533 3487 Δία
554 3420 609 3485 καὶ
635 3414 712 3495 τοῦς
732 3413 853 3493 ἄλλους
881 3417 1000 3483 ἐπεκα-

60 3525 137 3590 λεῖτο
156 3520 259 3603 θεούς
279 3522 528 3613 μαρτυρόμενος
547 3516 598 3589 ότι
613 3523 708 3597 δίκας
720 3522 824 3585 αἰτών
841 3512 914 3603 ήκει
928 3517 1004 3605 περὶ
