2367 3850
412 72 696 149 -A-,
955 81 1122 144 672

64 243 184 309 πλεῦσαι
195 235 254 309 τδν
266 237 418 328 Τρωικὸν
430 238 549 311 στόλον
561 245 597 311 οἲ
607 267 644 309 τε
654 240 794 329 χρησμοὶ
808 249 910 311 αίτιοι
922 245 994 330 ἐγί-

62 370 142 413 νοντο
155 344 243 424 τέλος
262 342 422 432 λαβόντες
441 345 479 413 έν
496 342 625 424 τούτοις
638 358 708 423 τοῖς
726 348 858 433 χωρίοις
879 347 937 415 καλ
955 344 993 416 τδ

62 445 214 534 δαιμόνων
225 451 396 535 πολλαχῶς
404 443 466 536 τήν
473 449 596 516 ἑαυτοῦ
606 444 768 535 βούλησιν
774 446 991 537 ἐνδεικνόμε·

59 570 121 617 νον·
141 546 254 638 ἐπειδή
268 545 332 638 γάρ
349 545 440 643 ορμιμ
458 548 659 640 χρησάμενοι
673 554 721 643 τῷ
732 555 898 643 Λωρεντῷ
910 573 991 640 σκη-

59 650 105 731 νάς
123 651 280 741 ἐπήξαντο
301 654 377 742 περὶ
393 650 453 722 τὸν
472 652 642 741 αἰγιαλόν,
662 657 796 741 πρῶτον
808 654 871 742 μέν
884 664 957 740 πιεζ
976 669 1026 719 ·σ

58 757 149 842 μένοις
168 770 237 837 τοῖς
259 752 451 846 άνθριόποις
466 752 533 826 δπδ
551 762 652 845 δίψης
665 753 727 825 οὐκ
747 764 879 844 ἔχοντος
897 755 991 849 ὕδωρ

33 932 34 937 1
57 863 104 925 τοῦ
120 856 218 928 τόπον
237 861 338 947 (λέγω
353 860 390 931 δέ
410 857 432 929 δι’
454 856 544 950 παρά
565 864 634 929 τῶν
653 862 824 948 ἐγχωρίων
846 862 991 950 παρέλα·

57 965 118 1047 βου)
131 961 263 1050 λιβάδες
276 960 457 1054 αὐτόμαται
468 961 613 1052 νάματος
626 959 765 1051 ήδίστου
774 966 811 1033 ἐκ
820 969 880 1051 γής
892 961 990 1033 άνελ-

32 1108 33 1141 2
56 1068 158 1133 δοῦσαι
171 1062 354 1153 ὤφθησαν,
373 1069 406 1149 ἐξ
421 1056 470 1135 ιδν
483 1061 504 1155 ή
516 1093 551 1135 τε
565 1062 703 1153 στρατιά
721 1060 810 1134 πάσα
823 1061 989 1156 δδρεόσα-

56 1193 83 1233 το
94 1168 142 1235 καὶ
154 1163 171 1235 ὁ
184 1167 285 1250 τόπος
299 1172 475 1259 ἐπίρρυτος
493 1170 612 1257 γέγονε
631 1170 727 1258 μέχρι
744 1167 915 1258 θαλάσσης
928 1199 989 1240 κα·
1007 1184 1041 1236 10

55 1269 193 1357 ιαβάντος
207 1267 275 1340 άπὸ
292 1276 360 1341 τεόν
382 1274 499 1360 πηγῶν
519 1275 579 1341 τοῦ
594 1269 766 1361 ῥεύματος.
791 1278 858 1341 νῦν
876 1276 989 1362 μέντοι

55 1368 147 1442 οὐκέτι
157 1372 347 1462 πλήθουσιν
361 1372 444 1444 ὥστε
459 1377 515 1444 καὶ
527 1372 688 1465 άπορρείν
701 1379 736 1443 αί
746 1374 896 1463 λιβάδες,
911 1374 987 1446 ἀλλ’

30 1482 127 1543 δέστιν
139 1473 252 1563 ὀλίγον
264 1475 358 1568 ὕδωρ
373 1482 411 1548 ἐν
425 1478 526 1573 κοίλῳ
540 1485 652 1571 χωρίῳ
666 1477 878 1567 συνεστηκὸς,
892 1480 987 1568 λεγό-

54 1604 137 1664 μενον
148 1575 213 1650 άπὸ
226 1585 296 1652 τάν
309 1585 479 1671 ἐγχωρίων
494 1580 585 1669 δερδν
599 1578 711 1670 ήλίου·
731 1583 787 1651 καὶ
801 1584 907 1670 βωμοί
926 1582 989 1653 δόο

54 1680 115 1770 παρ’
130 1679 218 1777 αὐτῷ
232 1690 443 1771 δείκνυνται,
465 1681 558 1773 ὁμὲν
571 1682 655 1774 πρὸς
673 1681 987 1775 άνατολάςτετραμ-
1007 1698 1039 1751 15

54 1787 140 1872 μένος,
154 1782 171 1854 ὁ
185 1787 223 1857 δὲ
239 1785 322 1877 πρός
335 1788 456 1876 δόσεις,
472 1786 605 1879 Τρωικά
618 1786 794 1877 ἱδρύματα,
809 1780 917 1877 ε’φόδν
929 1788 989 1859 τόν

54 1894 171 1960 Αἰνείαν
184 1897 415 1982 μυθολογοῦσι
428 1890 564 1982 πράτήν
578 1899 704 1964 θυσίαν
718 1891 922 1981 ποιήσασθαι
941 1898 989 1987 τῷ

28 1999 30 2012 '
53 2000 106 2058 θειι
118 1995 328 2084 χαριστήριον
340 2003 409 2066 τάν
425 1992 569 2066 ὑδάτων.
599 2004 712 2067 ἔπειτα
725 1993 862 2086 άριστον
874 1995 988 2078 αότοίς

53 2097 241 2192 αἱρουμένοις
259 2100 314 2168 ἐπὶ
333 2105 392 2169 τοῦ
411 2104 560 2170 δαπέδου
578 2101 692 2169 σέλινα
714 2099 776 2187 μὲν
792 2094 837 2180 άς
853 2107 987 2176 πολλοῖς

52 2191 230 2272 ἀποδίδοται
251 2189 442 2290 άπέστρωτο
462 2205 518 2273 καδ
533 2194 574 2294 ήν
587 2207 691 2273 ταῦτα
712 2200 824 2290 ὥσπερ
843 2200 987 2289 τράπεζα
1003 2212 1039 2265 20

51 2305 103 2369 τόν
116 2303 318 2393 ἐδεσμάτων·
339 2301 383 2388 ὦς
401 2309 440 2378 δέ
451 2313 537 2393 φασί
546 2333 654 2392 τινες,
675 2317 764 2394 ίτρια
782 2307 914 2393 καρποῦ
928 2329 986 2373 πε·
1030 2380 1034 2386 ,

51 2409 192 2494 τοιήμένα
208 2415 370 2498 πυρίνου,
387 2409 628 2501 καθαριότητος
637 2423 711 2487 ταῖς
723 2421 863 2495 τροφαῖς
875 2409 986 2476 ἕνεκα.

52 2506 106 2576 ἐπεί
121 2509 155 2580 δέ
177 2515 215 2581 αί
235 2523 474 2602 παρατεθεῖσαι
495 2514 617 2603 τροφαὶ
636 2508 888 2597 κατανάλωντο,
918 2515 986 2580 τάν

28 2629 31 2688 ι
51 2601 297 2703 ὑπεστρωμένων
315 2612 430 2698 αὐτοῖς
443 2624 586 2687 σελίνων
601 2624 667 2684 είτε
689 2621 806 2702 ίτρίων
820 2615 926 2704 ἔφαγέ
936 2641 987 2694 τις

52 2713 93 2780 καί
99 2707 194 2798 αὖθις
206 2720 334 2807 ἕτερος·
348 2723 385 2790 ἐν
397 2717 662 2813 τούτωτυγχάνει
675 2745 725 2798 τις
732 2714 837 2788 είπαδν
845 2720 986 2788 είτετάυ
1003 2733 1036 2786 25

52 2822 169 2889 Αἰνείου
182 2826 331 2910 παίδων,
346 2817 391 2904 ὥς
406 2822 503 2911 λόγος
516 2830 602 2910 ἔχει,
617 2831 684 2892 είτε
695 2826 765 2890 των
777 2816 986 2910 ὁμοσκήνων,

50 2909 116 2988 Ἀλλ’
131 2919 211 3010 ἡμῖν
225 2951 264 3012 γε
278 2921 342 3016 ήδη
354 2927 410 2996 καὶ
423 2921 443 3015 ή
457 2923 600 3014 τράπεζα
613 2924 867 3015 κατεδήδεσται·
883 2920 928 3004 ὥς
948 2924 987 2994 δέ

53 3025 132 3094 τοῦτο.
143 3023 291 3115 ήκουσαν
305 3025 448 3110 ἅπαντες
462 3025 738 3118 ἀνεθορύβησαν,
760 3023 804 3108 άς
817 3025 858 3096 τά
870 3030 988 3114 πρῶτα

52 3128 96 3192 τοῦ
113 3131 338 3220 μαντεύματος
364 3130 428 3222 ήδη
448 3137 544 3220 σφίσι
570 3133 664 3213 τέλος
690 3141 767 3220 ἔχοι.
806 3120 850 3218 ήν
870 3127 933 3216 γάρ
952 3154 986 3196 τι

52 3227 202 3317 θέσφατον
220 3232 350 3322 αὐτοῖς,
371 3231 416 3316 οδς
429 3236 493 3325 μέν
508 3261 599 3316 τινες
611 3237 768 3323 λέγουσιν
782 3235 819 3302 ἐν
831 3228 987 3321 Δωδιόνγγ
1003 3251 1039 3306 30

53 3331 231 3424 γενόμενον,
241 3334 289 3419 οδς
304 3335 335 3408 δ’
344 3342 451 3428 ἕτεροι
466 3336 657 3428 γράφουσιν
670 3340 709 3407 ἐν
716 3333 895 3424 Ἐρυθραῖς
910 3353 986 3422 σχε-

54 3434 100 3527 δίῳ
117 3443 172 3528 τής
184 3437 292 3531 Ἴδης,
319 3449 405 3514 ἔνθα
427 3438 505 3537 ρ’)’κει
519 3447 673 3528 Σίβυλλα
694 3440 852 3586 ἐπιχωρήα
872 3435 990 3530 νάμφη
1092 3499 1096 3508 ,

792 3548 811 3606 5
