2367 3850
414 127 641 191 -B-
941 127 1001 192 129

41 282 180 354 ἀλέντων
200 290 295 368 ίδίας
314 282 338 375 ἢ
355 293 471 375 ζημίας
488 284 665 375 ὀφλόντων
682 291 842 375 δημοσίας
859 283 999 375 ἀργυρι-

40 386 94 458 κάν
104 390 246 476 ἐχούσας
257 396 384 479 τίμημα
397 394 434 460 ἐκ
446 395 517 460 τῶν
529 395 630 460 ίδίων
644 388 788 460 λύεσθαι
809 391 999 480 χρημάτων,

40 488 76 559 ού
87 497 295 580 δανείσματα
314 498 494 573 ποιοῦντας
507 489 593 563 ἀλλά
606 491 754 581 χάριτας·
776 498 815 561 ἐν
828 519 864 562 τε
882 490 999 580 ἀρχαῖς

40 594 88 664 καί
100 603 323 686 γερηφορίαις
335 599 392 666 καλ
404 612 477 676 ταῖς
492 593 609 676 ἄλλαις
622 609 694 676 ταῖς
709 601 756 674 είς
768 591 809 666 τά
826 594 924 666 κοινά
938 602 997 666 δα-

39 696 153 777 πάναις
168 704 243 768 τῶν
256 695 487 787 ἀναλωμάτων
499 694 544 779 ῶς
563 695 642 778 τούς
659 701 752 785 γένει
770 697 998 787 προσήκοντας
1015 716 1032 768 5

39 802 194 888 μετέχειν.
225 808 326 891 κοινή
340 799 374 870 δ’
386 799 589 894 ἀμφοτέροις
606 798 684 872 οὔτε
702 797 797 872 ὅσιον
808 799 887 870 οῶτε
900 803 999 889 θέμις

39 894 458 994 ήνκατηγορείνάλλήλων
470 907 526 975 ἐπὶ
540 911 650 984 δίκαις
662 901 685 992 ή
697 899 999 993 καταμαρτυρελνή

21 1010 148 1093 λήήφον
166 1010 331 1078 ἐναντίαν
351 1009 525 1095 ἐπιφέρειν
546 1001 667 1096 ήμετά
686 1011 755 1078 τῶν
773 1008 907 1096 ἐχθρῶν
926 1009 997 1090 ἐξε-

40 1108 201 1191 τάζεσθαι.
228 1117 261 1180 εί
274 1112 314 1180 δέ
323 1138 374 1192 τις
387 1115 599 1199 ἐξελεγχθείη
609 1109 740 1180 τούτων
748 1138 780 1178 τι
796 1109 997 1198 διαπραττό-

41 1236 131 1296 μενος
136 1219 259 1300 Δ,ἔνοχος
270 1203 370 1307 ήντςό
382 1213 476 1306 νόμω
489 1219 549 1302 τής
562 1218 754 1302 προδοσίας,
770 1207 811 1282 ὃν
825 1210 997 1302 ἐκύρωσεν
1016 1231 1049 1282 10

42 1308 251 1402 ὁῬωμάλος,
277 1315 338 1386 τὸν
355 1317 394 1386 δέ
413 1313 536 1388 ἀλάντα
557 1320 607 1408 τῷ
631 1317 825 1407 βουλομένῳ
853 1321 999 1386 κτείνειν

42 1412 127 1485 ὅσιον
139 1409 184 1506 ήν
198 1414 246 1499 ῶς
257 1423 354 1508 θῶμα
366 1425 429 1488 τοῦ
441 1425 669 1506 καταχθονίου
681 1417 773 1499 Διός.
795 1421 833 1488 ἐν
846 1423 920 1490 ἐθει
933 1417 997 1508 γάρ

40 1513 218 1606 Ῥωμαίοις,
251 1519 351 1602 ὅσους
375 1522 556 1610 ἐβούλοντο
580 1523 718 1610 νηποινί
744 1520 925 1610 τεθνάναι,
957 1520 999 1592 τά
1093 1533 1098 1542 “

43 1619 162 1692 τούτων
188 1623 328 1712 σῶματα
351 1629 447 1695 θεῶν
472 1619 650 1718 ὁτῳδήτινι
657 1673 667 1711 ,
694 1622 837 1714 μάλιστα
865 1625 902 1696 δέ
929 1639 998 1706 τοίς

45 1734 274 1813 καταχθονίοις
293 1726 551 1816 κατονομάζειν·
581 1723 601 1796 ὃ
620 1728 677 1797 καλ
700 1725 776 1796 τότε
796 1721 814 1796 ὁ
834 1720 998 1817 Ῥωμύλος
1017 1748 1048 1802 15

45 1829 179 1915 ἐποίησε.
211 1829 382 1918 τοιγάρτοι
399 1832 571 1919 διέμειναν
586 1832 625 1900 ἐν
637 1838 776 1910 πολλαίς
788 1845 920 1918 γενεαίς
938 1827 997 1900 ού·

48 1930 99 1998 δὲν
112 1936 337 2021 διαφέρουσαι
356 1938 569 2023 συγγενικῶν
590 1930 863 2023 ἀναγκαιοτήτων
882 1939 920 2005 αί
929 1940 999 2004 τῶν

46 2039 189 2105 πελατῶν
209 2063 249 2105 τε
266 2038 324 2107 καλ
342 2042 541 2126 προστατῶν
564 2044 718 2125 συζυγίαι
742 2039 838 2107 παισὶ
867 2042 999 2107 παίδων

47 2137 294 2229 συνιστάμεναι,
309 2141 366 2210 καὶ
378 2142 481 2229 μέγας
493 2146 630 2221 ἔπαινος
642 2131 686 2229 ήν
698 2155 767 2221 τοίς
786 2141 823 2209 ἐκ
836 2144 905 2209 τῶν
925 2130 997 2209 ἐπι-

47 2246 157 2324 φανῶν
185 2252 291 2315 νίκων
319 2237 365 2323 ῶς
390 2250 568 2325 πλείστους
595 2242 737 2322 πελάτας
766 2248 855 2330 ἔχειν
880 2240 938 2321 τάς
962 2267 999 2311 τε
1016 2264 1050 2315 20

46 2343 242 2430 προγονικάς
248 2344 456 2433 φυλάττουσι
468 2345 625 2434 διαδοχάς
635 2350 703 2415 τῶν
712 2349 930 2431 πατρωνειῶν
943 2345 998 2413 καλ

48 2443 96 2513 διά
108 2452 165 2537 τής
175 2450 307 2519 ἑαυτῶν
319 2445 438 2538 ἀρετής
450 2448 553 2531 ἀλλας
561 2450 817 2538 ἐπικτωμένοις,
829 2444 848 2517 ὅ
861 2474 896 2516 τε
907 2444 999 2532 ἀγῶν

48 2542 124 2639 ἀπέρ
135 2554 196 2639 τής
215 2548 367 2638 εύυοίας,
384 2547 472 2641 ὑπὲρ
490 2556 552 2623 τοῦ
564 2550 610 2641 μή
626 2555 809 2639 λειφθῆναι
823 2555 880 2639 τής
896 2547 998 2637 ἀλλή·

49 2658 109 2719 λον
123 2652 273 2743 χάριτος,
287 2660 426 2735 ἔκτοπος
440 2651 556 2745 ἡλίκος
573 2652 773 2743 ἀμφοτέροις
793 2643 837 2741 ήυ
856 2658 924 2723 τῶν
937 2652 1000 2741 μέν

49 2761 193 2828 πελατῶν
214 2753 347 2827 ἅπαντα
367 2773 438 2838 τοίς
457 2756 655 2847 προστάταις
668 2753 854 2839 ἀξιούντων
875 2751 920 2836 ῶς
936 2760 997 2825 δυ·
1016 2770 1050 2823 λε
1081 2794 1082 2799 1

49 2856 170 2945 νάμεως
188 2858 282 2947 εἶχον
299 2856 499 2949 ὑπηρετεῖν,
522 2865 592 2930 τῶν
617 2860 655 2930 δέ
677 2865 865 2947 πατρικίων
883 2855 1001 2947 ήκιστα

51 2963 258 3049 βουλομένων
276 2977 345 3045 τοῖς
371 2961 530 3043 πελάταις
554 2966 706 3051 ἐνοχλεῖν
731 2960 938 3051 χρηματικήν
963 2984 1000 3029 τε

28 3060 202 3152 λονδεμίαν
213 3064 600 3157 δωρεανκροσιεμένων
616 3092 722 3147 ουτως
732 3059 1001 3152 ἐγκρατηςοβίθς

52 3154 88 3250 ἦν
103 3165 216 3249 αάτολς
229 3164 361 3257 ἀπάσης
379 3166 504 3261 ήδονής
517 3166 621 3241 καλ
586 3198 625 3241 το
646 3162 845 3259 μακαρίον’
826 3167 929 3252 αρετῇ
941 3188 999 3251 με

52 3273 146 3356 τρῶν,
159 3268 307 3362 οάτύχη.
1017 3282 1051 3333 30

114 3373 167 3443 XL
191 3371 244 3445 Ov’
259 3370 419 3464 μάνονδ’
433 3377 472 3444 ἐν
491 3370 578 3465 αάτή
593 3400 633 3463 τη
618 3372 741 3443 πόλει
760 3366 799 3437 τὸ
821 3362 1001 3454 δημοτικὸν

54 3467 111 3544 υπὸ
123 3480 183 3567 τήν
195 3484 402 3570 προστασίαν
413 3481 483 3546 τῶν
496 3465 715 3565 πατρικίων
695 3502 752 3561 ην,
766 3466 851 3641 ἀλλήι
864 3468 918 3539 καὶ
933 3472 1002 3537 τῶν

96 3606 167 3645 mon.
184 3610 205 3645 1.
889 3595 900 3615 ⁸
