2367 3850
547 127 783 198 ..B-

187 298 289 370 οὐδὲν
310 299 359 369 ἐτι
382 295 621 388 διαμελλήσας,
648 293 693 379 ὥς
719 297 811 369 είδεν
835 294 1068 388 ὀλιγωροῦντα
1095 296 1156 368 τόν

192 403 313 474 Τάτιον
339 397 439 483 αύτός
466 405 644 502 συνέλαβε,
660 398 738 482 τούς
759 400 896 489 ἐνόχους
920 406 968 495 τῷ
992 398 1071 489 άγει
1101 403 1157 470 καὶ

187 506 291 597 δήσας
305 508 480 595 παρέδωκε
493 521 563 586 τοῖς
572 512 794 595 πρεσβευταῖς
808 502 961 592 ἀπάγειν.
993 509 1109 598 Τατίῳ
1121 505 1157 573 δὲ

186 607 297 700 θυμός
309 635 346 676 τε
360 610 542 698 είσέρχεται
555 615 613 698 τής
633 606 780 734 ὕβρεως,
801 605 845 697 ήν
859 605 926 678 ύπό
944 612 1005 676 τοῦ
1023 606 1155 695 συνάρ-

153 735 171 788 5
187 739 304 802 χοντος
316 707 431 800 ᾐτιᾶτο
445 707 609 802 ὑβρίσθαι
622 711 707 780 κατὰ
726 709 789 800 τήν
803 711 992 797 παράδοσιν
1009 737 1082 779 των
1097 707 1155 779 άν-

189 819 298 902 δρῶν,
318 816 375 882 καὶ
394 814 564 896 οἶκτος
516 841 586 885 των
599 810 823 902 όπαγομένων
842 805 952 904 (ήν
913 841 978 938 γαρ
996 815 1055 882 καί
1067 833 1156 938 συη-

188 917 288 1007 γενής
314 944 365 997 τις
391 914 510 988 αύτού
521 922 568 1011 τῷ
593 915 670 1004 άγει
693 923 820 1004 ἔνοχος)
848 918 905 986 καί
928 912 993 985 αύτ
994 923 1051 986 ίκα
1076 914 1157 995 τούς

188 1018 392 1109 στρατιώτας
417 1016 599 1110 άναλαβων
625 1019 762 1110 ἐβοήθει
795 1019 853 1090 διὰ
872 1019 992 1106 τάχους
1017 1022 1056 1089 ἐν
1089 1015 1157 1111 ὁδῳ

188 1151 225 1194 τε
252 1121 351 1203 ὄντας
376 1120 456 1204 τούς
481 1125 639 1212 πρέσβεις
665 1120 865 1212 καταλαβων
891 1119 1050 1211 άφείλετο
1078 1121 1177 1202 τούς

139 1253 173 1304 10
189 1224 431 1314 ιἰπαγομένους
469 1225 594 1316 χρόνου
614 1223 706 1296 δὲ’
666 1253 708 1295 ου
727 1231 854 1296 πολλού
875 1221 1139 1311 διελθόντος,“
1117 1253 1157 1305 ως

189 1332 252 1419 μίν
266 1356 354 1409 τινες
367 1349 490 1416 φασιν,
512 1358 580 1417 αμα
593 1327 750 1456 Ῥωμύλον
764 1328 1036 1418 παραγετλόμινος
1056 1326 1153 1409 είς
1123 1355 1157 1397 το

148 1434 389 1520 Λαβίνιου”
368 1459 469 1501 ενιιια
483 1429 671 1520 θυσίας,
647 1461 692 1521 ην
708 1437 778 1502 ἔδει
791 1447 860 1512 τοῖς
878 1458 1046 1535 πατρῳοις
1058 1441 1158 1510 θεοῖς

188 1531 329 1660 ὑπὲρ
289 1561 346 1623 της
360 1534 488 1616 πόλεως
501 1540 608 1605 θύσαι
620 1533 698 1616 τούς
709 1542 874 1623 βασιλεῖς,
889 1534 1090 1604 συστάντων
1102 1531 1154 1604 ἐπ’

189 1634 295 1740 αὐτόν
311 1665 382 1706 των
408 1640 480 1708 ἐταί
465 1645 551 1728 ίρων
574 1665 612 1708 τε
632 1641 689 1708 καὶ
709 1641 801 1724 γένει
822 1633 1062 1727 προσηκόντων
1089 1651 1157 1717 τοῖς

140 1769 172 1822 15
189 1734 412 1830 άνηρημένοις
426 1743 607 1831 πρέσβεσιν
624 1744 740 1812 ἐπὶ
691 1768 761 1810 των
776 1745 902 1829 βωμῶν
915 1756 987 1822 ταῖς
999 1767 1155 1829 μαγειρι-

189 1859 264 1924 καῖς
282 1849 424 1931 σφαγίσι
447 1846 591 1926 καὶτοῖς
611 1843 792 1935 βουπόροις
818 1842 950 1936 ὀβελοῖς
975 1843 1156 1933 παιόμενος

188 1944 407 2071 άποβνήσκει.
445 1944 543 2028 ωςδ’
561 1975 579 2017 ο
581 1950 692 2075 ίπερὶ
710 1953 889 2018 Λικίννιον
900 1946 1096 2037 γραφουσιν
1119 1944 1157 2016 ού

189 2076 272 2139 μετα
295 2044 465 2176 Ῥωμύλου
499 2051 771 2140 παραγενόμενος
796 2048 878 2121 ούδέ
907 2050 1005 2140 χάριν
1040 2055 1156 2141 ίερῶν,

189 2150 275 2223 άλλά
287 2151 389 2241 μόνος
403 2149 447 2234 ύς
459 2160 588 2225 πείσων
603 2153 681 2236 τούς
696 2150 952 2243 ἀδικηθέντας
934 2169 1157 2251 αφείναις
1088 2169 1157 2232 τοῖς
1182 2180 1183 2193 ’

111 2281 116 2287 ’
139 2244 174 2330 26
192 2254 424 2343 δεδρακόσι
388 2284 450 2345 την
468 2254 589 2346 ὀργήν,
609 2254 900 2346 άγανακτήσαντος
918 2262 980 2327 τοῦ
999 2256 1157 2347 πλήθους

190 2361 246 2429 ἐπὶ
265 2364 313 2452 τῷ
325 2357 370 2449 μή
392 2365 646 2450 παραδίδοσθαί
655 2380 753 2448 σφισι
765 2387 844 2440 τους
855 2355 1040 2448 ανδρας,
1015 2388 1061 2441 ως
1083 2357 1103 2429 ὅ
1123 2386 1157 2427 τε
1181 2376 1182 2425 ί

186 2457 359 2550 Ρωμύλος
369 2465 545 2532 ἐδικαίωσε
554 2458 737 2551 καὶητων
742 2460 1157 2552 Ρωμαίωνέκρινεβουλή,
1181 2456 1182 2485 ³

190 2565 248 2633 καὶ
266 2570 336 2633 των
361 2565 603 2655 προσηκόντων
624 2581 694 2645 τοῖς
718 2570 884 2636 τεθνεῶσι
910 2564 995 2635 κατάΙ
1024 2570 1158 2655 πλῆθος

191 2662 412 2755 ὁρμησάντων
432 2667 485 2737 ἐπ’
501 2665 623 2756 αὐτόν,
643 2666 810 2749 ἀδύνατος
830 2664 879 2737 ύυ
903 2676 951 2739 ἐτι
972 2673 1158 2757 διαφυγεῖν
1180 2750 1181 2755 ¹

140 2797 174 2849 ης
192 2765 255 2856 τήν
281 2769 319 2837 ἐκ
337 2769 448 2859 χειρός
474 2776 574 2861 δίκην
596 2772 838 2852 καταλευσθεὶς
857 2767 918 2840 ὑπ’
933 2768 1049 2842 αὐτῶν
1069 2767 1156 2841 άπο-

190 2868 344 2959 θνήσκει.
387 2873 505 2954 Τάτιος
525 2874 588 2962 μέν
606 2866 669 2945 οὖν
695 2873 850 2964 τοιαύτης
870 2879 1030 2963 τελευτῆς
1058 2879 1156 2961 ἐτυχε

191 2979 268 3061 τρία
281 2974 345 3063 μὲν
358 2983 415 3065 ἐτη
428 2977 616 3067 πολεμήσας
626 2974 799 3073 Ῥωμύλῳ,
810 2978 910 3047 πέντε
925 2978 963 3047 δέ
976 2975 1156 3063 συνάρξας,
1171 2988 1180 3074 ff

191 3076 357 3148 θάπτεται
379 3077 415 3149 δ’
431 3086 478 3159 είς
494 3076 631 3169 Ῥύμην
652 3082 825 3170 κομισθεὶς
846 3082 969 3173 ἐντίμῳ
990 3085 1085 3169 ταφή
1100 3081 1156 3149 καί

192 3208 270 3269 χοας
292 3173 384 3277 αύτῳ
412 3180 494 3254 καθ’
511 3185 653 3255 ἕκαστον
665 3180 822 3255 ἐνιαυτόν
847 3181 868 3273 ή
889 3183 983 3287 πόλις
1008 3185 1158 3253 ἐπιτελεῖ

140 3302 175 3355 30
192 3289 344 3373 δημοσίᾳ.

169 3445 172 3455 ,
269 3383 375 3455 ΙιΙΠ.θ
379 3386 540 3475 Ρωμύλος
557 3386 655 3457 δὲ’
614 3414 713 3475 μουος
739 3385 850 3459 ἐπί
814 3414 877 3477 την
897 3384 1004 3513 ύρηήν
1023 3412 1062 3457 το
1050 3385 1153 3457 δεύ-

192 3512 293 3574 τερον
311 3488 476 3570 καταστάς
493 3487 588 3562 τότε
608 3486 687 3577 άγος
708 3486 907 3578 ἀφοσιοῦται
924 3488 963 3559 τό
984 3492 1063 3580 περὶ
1077 3488 1156 3571 τούς
