2367 3850
423 165 474 180 -·-
525 133 648 198 Γ·
957 137 1020 200 265

52 314 196 381 ροντας·
218 289 309 375 ούςό
334 295 460 378 Ίύλλος
476 294 680 387 άφικόμενος
702 292 770 369 άπδ
793 301 1020 386 στρατοπέδου

52 413 128 478 ταῖς
144 392 315 486 Ῥωμαίων
328 408 451 487 φυλαῖς
468 400 525 470 καί
541 399 705 489 φράτραις
725 403 910 470 ἐπιδιεῖλεν
927 401 1019 490 οίκή-

53 520 124 580 σεις
138 526 176 570 τε
190 501 500 588 συγκατεσκεύασεν
514 505 552 572 ἐν
565 499 616 583 οἷς
628 499 725 574 αύτολ
739 508 950 593 προηρούντο
961 509 1020 593 τῆς

53 601 186 682 πόλεως
206 602 320 684 τόποις
340 605 396 674 καί
412 609 471 692 τῆς
494 611 655 693 δημοσίας
680 609 741 693 γῆς
767 604 830 694 τὴν
848 602 1019 691 άρκοῦσαυ
1152 635 1160 644 ·

3 725 37 776 04
53 719 127 784 τοῖς
142 704 351 792 θητεύουσιν
372 709 406 789 ἐξ
425 705 539 777 αὐτῶν
558 705 736 796 ἀπεμέριζε
759 723 833 788 ταῖς
849 735 886 777 τε
905 703 1054 789 άλλαιςσ

54 813 333 896 φιλανθρωπίαις
359 806 570 898 ἀνελάμβανε
599 808 638 879 τό
664 815 804 898 πλῆθος.
847 807 955 900 ἡμὲν
978 809 1021 900 δὴ

53 913 127 978 τῶν
144 905 318 998 Ἀλβανόν
338 910 451 997 πόλις,
470 909 514 1000 ἣν
539 919 670 982 ἔκτισεν
680 909 853 992 Ἀσκάνιος
874 909 941 996 ὁέξ
955 920 1019 984 Αί-

54 1017 154 1082 νείου
174 1018 237 1082 τοῦ
252 1011 406 1102 Ἀγχίσου
423 1015 479 1084 καλ
492 1015 667 1102 Κρεούσης
694 1019 753 1102 τῆς
768 1014 926 1105 Πριάμου
950 1025 1019 1084 θν-

54 1113 189 1206 γατρὸς,
205 1123 262 1206 ἐτη
277 1122 474 1206 διαμείνασα
488 1115 571 1204 μετά
583 1116 805 1206 τόνοίκισμὸν
817 1115 1020 1188 πεντακόσια

55 1223 164 1308 τριῶν
175 1221 231 1288 ἐπὶ
244 1233 312 1299 τοῖς
327 1221 408 1290 δέκα
422 1222 541 1292 δέοντα
550 1270 567 1304 ,.
579 1222 619 1288 ἐν
631 1217 681 1301 οἷς
693 1218 823 1308 πολλὴν
837 1226 933 1307 ἔσχεν
946 1221 1018 1289 ἐπί·
1037 1233 1071 1284 1⁰

56 1328 156 1392 δοσιν
179 1326 227 1401 είς
251 1318 435 1410 εὐανδρίαν
454 1351 490 1394 τε
510 1325 567 1394 καὶ
594 1329 740 1393 πλοῦτον
761 1325 819 1393 καὶ
831 1321 895 1412 τὴν
913 1321 1021 1411 άλλην

55 1420 194 1495 άπασαν
219 1421 438 1514 εὐδαιμονίαν
458 1425 516 1507 τάς
541 1423 719 1515 τριάκοντα
742 1432 902 1496 Λατίνων
922 1423 1019 1495 άποι-

56 1534 180 1596 κίσασα
199 1525 313 1607 πόλεις
326 1530 383 1597 καλ
403 1526 511 1598 πάντα
529 1527 590 1598 τόν
603 1528 725 1617 χρόνον
746 1524 939 1617 ἡγησαμένη
958 1531 1020 1598 τού

55 1636 200 1715 ἔθνους,
222 1625 288 1698 ὑπὸ
309 1635 367 1718 τῆς
386 1629 522 1719 ἐσχάτης
544 1627 752 1720 ἀποικήσεως
773 1641 1021 1721 καθαιρεθεῖσα

57 1737 179 1821 ἔρημος
193 1737 242 1811 είς
253 1730 330 1802 τόδε
343 1729 467 1819 χρόνου
480 1736 641 1821 διαμένει.
662 1804 666 1815 ,
731 1763 736 1770 ·
1037 1747 1070 1799 15

133 1832 299 1914 Βασιλεύς
320 1834 357 1904 δὲ
375 1834 501 1914 Τύλλος
519 1835 579 1906 τὸν
593 1833 731 1905 ἐπιόντα
743 1839 891 1924 χειμοῖνα
908 1839 1018 1904 διαλι·

57 1932 135 2028 πρὶν
150 1942 245 2025 ἔαρος
264 1935 450 2026 άρχομένου
462 1936 606 2027 στρατόν
625 1940 680 2009 ἐπὶ
695 1943 903 2027 Φιδηναίους
917 1936 1021 2007 πάλιν

57 2036 179 2125 ἐξάγει.
211 2054 280 2119 τοῖς
298 2041 336 2109 δὲ
357 2046 554 2129 Φιδηναίοις
570 2044 671 2129 κοινῇ
699 2040 762 2128 μὲν
786 2036 861 2110 οὐδ’
880 2035 1020 2126 ἡτισοῦν

58 2138 204 2229 βοήθεια
213 2144 246 2225 ἐξ
256 2138 414 2230 ούδεμιάς
424 2148 492 2213 τεόν
500 2148 719 2231 συμμαχίδων
727 2139 1020 2229 άφίκετοπόλεαν,

58 2242 264 2329 μισθοφόροι
287 2246 327 2314 δέ
337 2271 426 2325 τινες
447 2249 485 2314 ἐκ
500 2250 636 2315 πολλῶν
647 2242 883 2333 συνερρύησαν
894 2242 1019 2330 τόπων,
1036 2259 1071 2309 νο

58 2338 108 2425 οἷς
116 2345 355 2426 πιστεύσαντες
365 2347 559 2437 ἐθάρρησαν
568 2351 607 2417 ἐἰι
616 2351 674 2434 τῆς
682 2344 811 2426 πόλεως
820 2354 1020 2435 προελθεῖν

58 2447 327 2537 παραταξάμενοι
347 2449 384 2519 δὲ
404 2450 462 2519 καί
483 2448 628 2529 πολλούς
642 2446 898 2528 ἀποκτείναντες
921 2450 960 2517 ἐν
979 2450 1021 2546 τῇ

4 2570 42 2621 505
59 2548 147 2638 μάχη
161 2557 447 2639 κατεκλείσθησαν
461 2550 564 2621 πάλιν
579 2560 626 2632 είς
638 2550 676 2621 τὸ
690 2548 785 2620 άστυ.
812 2546 857 2630 ὥς
871 2550 908 2643 δέ
925 2575 1020 2636 περι-

58 2651 255 2741 χαρακώσας
275 2650 388 2721 αύτοίν
415 2650 478 2741 τὴν
504 2650 641 2725 πόλινό
661 2654 786 2734 Τύλλος
804 2654 864 2722 καὶ
882 2678 1020 2741 περιτα-

59 2753 210 2841 φρεύσας
245 2760 293 2834 είς
319 2754 381 2842 την
414 2753 556 2844 ἐσχάτην
590 2757 782 2825 κατέκλεισε
811 2753 890 2836 τούς
920 2761 1021 2827 ἐνδον
1037 2775 1071 2826 ῖσ

57 2852 219 2945 ιἰπορίαυ,
233 2854 498 2946 ἠναγκάσθησαν
508 2863 555 2951 τῷ
564 2864 699 2946 βασιλεῖ
709 2862 920 2947 παραδοῦναι
933 2860 1022 2945 σφοῖς

60 2955 184 3038 αύτούς
208 2956 265 3047 ἐφ’
282 2955 334 3040 οἷς
359 2956 458 3053 αὐτὸς
482 2961 650 3048 ἐβούλετο.
691 2960 872 3049 γενόμενος
897 2959 935 3027 ab
961 2955 1022 3027 τόν

58 3058 186 3149 τρόπον
216 3066 338 3131 τοῦτον
355 3058 375 3131 ὁ
395 3061 553 3149 βασιλεύς
578 3068 637 3152 τῆς
657 3062 786 3142 πόλεως
804 3061 920 3149 κύριος
943 3056 1023 3138 τούς

60 3169 189 3241 αἰτίους
201 3168 258 3250 τῆς
275 3161 489 3244 ἀποστάσεως
500 3162 715 3250 άποκτείυας,
734 3162 812 3243 τοὺς
828 3162 865 3232 δέ
883 3159 1023 3240 λοιπούς

58 3261 210 3344 ἅπαντας
235 3263 405 3347 άπολύσας
427 3269 484 3337 καὶ
504 3266 544 3335 τά
563 3265 710 3355 σφέτερα
734 3264 845 3334 πάντα
868 3266 1016 3350 καρποῦ·
1037 3282 1072 3335 30

59 3376 142 3437 σθαι
161 3364 222 3435 τόν
242 3364 347 3437 αύτὸν
370 3366 470 3450 ἐάσας
490 3369 616 3458 τρόπον
634 3368 696 3456 την
712 3394 750 3435 τε
770 3371 960 3450 πολιτείαν,
976 3362 1022 3453 ἣν

60 3470 151 3559 εἶχον
161 3468 341 3562 πρότερον,
359 3468 507 3552 άποδούς
515 3468 629 3550 αὐτοῖς
641 3469 776 3538 διίλυσε
788 3465 851 3555 τὴν
862 3466 1024 3557 στρατιάν

345 3593 357 3613 r
1036 3582 1052 3619 O
