2367 3850
208 88 248 149 42
569 82 797 154 -A-‚

208 250 334 317 σασθαι
347 244 408 336 τὴν
421 252 484 336 γῆν
497 244 558 337 όση
575 246 668 329 ἐντὸς
681 241 724 338 ἦν
736 253 806 319 τάν
817 248 951 320 κόλπων
970 252 1032 320 τού
1045 276 1080 319 τε
1091 257 1149 317 Νι·

208 357 352 439 πητίνου
365 352 493 420 καὶτοῦ
504 358 756 441 Σκυλλητίνου·
775 349 819 441 ἢν
833 350 875 442 δὴ
888 351 1027 442 πράτην
1038 358 1150 441 κληθη-

209 482 265 523 ναι
283 450 425 523 Ἰταλίαν
447 455 501 523 ἐπὶ
515 460 574 523 τοῦ
590 452 735 525 Ἰταλοῦ.Δ
762 458 836 525 ἐπεὶ
857 457 894 527 δὲ
907 456 1031 542 ταύτης
1050 483 1150 544 καρτε-

210 555 266 645 ρὸς
286 559 416 643 ἐγένετο
438 558 494 625 καί
512 555 723 647 ἀνθρώπους
735 557 880 640 πολλούς
894 558 982 647 εἶχεν
1000 556 1153 647 ὑπηκόους

175 678 192 731 ό
210 656 317 753 αύτῷ,
337 660 393 727 καί
406 666 475 728 τῶν
487 663 654 751 ἐχομένων
666 664 889 752 ἐπορέγεσθαι
906 664 962 731 καὶ
977 662 1090 741 πόλεις
1101 656 1151 729 διι-

210 763 353 849 άγεσθαι
373 762 511 841 πολλάς·
535 764 623 835 εἶναι
643 762 677 845 δ’
692 763 795 835 αὐτὸν
814 774 988 852 Οίνωτρον
1008 761 1048 835 τδ
1064 766 1153 851 γένος.

204 862 395 945 Ἑλλάνικος
411 865 449 935 δὲ
470 860 643 957 όΛέσβιός
662 892 766 957 φησιν
775 865 938 960 Ἡρακλέα
958 865 1018 949 τάς
1038 866 1153 956 Γηρυό-

210 995 272 1037 νου
293 972 375 1057 βοῦς
396 964 629 1041 ἀπελαύνοντα
649 970 845 1059 εἰς’Ἀργος,
871 969 989 1061 ἐπειδή
1008 999 1061 1051 τις
1080 967 1154 1061 αὐτῷ

211 1070 351 1159 δάμαλις
375 1068 619 1163 ἀποσκιρτήσας
642 1080 702 1164 τῆς
727 1072 847 1163 ἀγέλης
870 1079 908 1145 ἐν
933 1073 1056 1165 Ἰταλίᾳ
1082 1072 1154 1143 έόνιι

113 1204 117 1212 ·
160 1197 194 1249 10
210 1171 275 1263 ἤδη
294 1172 432 1262 φεύγων
451 1181 545 1266 διῆρε
567 1177 630 1267 τὴν
642 1175 748 1267 ἀκτὴν
764 1181 820 1248 καὶ
832 1175 892 1247 τὸν
912 1176 1038 1267 μεταξύ
1052 1182 1154 1261 διανη·

210 1276 348 1365 ξάμενος
372 1277 478 1366 πόρον
493 1286 551 1368 τῆς
576 1280 747 1370 θαλάσσης
769 1288 818 1363 είς
835 1289 998 1351 Σικελίαν
1017 1277 1154 1368 ἀφίκετο,

209 1378 370 1468 ἐρόμενον
391 1378 444 1451 ἀεὶ
458 1380 537 1463 τούς
556 1386 754 1474 ἐπιχωρίους
775 1381 857 1454 καθ’
872 1380 931 1465 ούς
946 1384 1102 1455 ἑκάστοτε
1113 1388 1154 1468 γί-

75 1534 79 1541 ,
208 1509 300 1553 νοιτο
315 1482 448 1553 διάκων
460 1482 520 1556 τόν
538 1487 698 1576 δάμαλιν,
719 1497 754 1557 εί
768 1514 813 1577 πη
828 1515 877 1568 τις
894 1484 999 1557 αύτόν
1013 1481 1155 1576 έωρακως

210 1595 280 1675 είη,
293 1592 361 1657 τάν
372 1593 453 1677 τῇδε
464 1585 662 1680 ἀνθράιιωύ
668 1588 823 1670 Ἑλλάδος
836 1592 899 1683 μδν
911 1588 1061 1679 γλάττης
1073 1585 1155 1675 όλίγι

160 1704 192 1757 lb
209 1690 414 1777 συνιέντων,
436 1695 478 1779 τῇ
501 1693 538 1761 δὲ
560 1701 689 1787 πατρίῳ
710 1698 810 1783 φωνῇ
828 1690 913 1762 κατά
930 1692 988 1773 τάς
1007 1691 1155 1783 μηνύσεις

209 1796 270 1861 τοῦ
287 1790 380 1884 ζῴου.
391 1792 586 1864 καλούντων
604 1793 662 1866 τὸν
676 1796 819 1884 δάμαλιν
833 1792 1029 1882 ούίτονλον,
1055 1791 1154 1878 ὥσπερ

208 1896 265 1964 καὶ
286 1900 356 1969 νύν.
371 1897 520 1983 λέγεται,
539 1900 595 1969 ἐπὶ
612 1903 674 1970 τού
694 1898 780 1990 ζςόον
801 1897 862 1988 τὴν
875 1898 987 1989 χάραν
1005 1897 1155 1989 ὀνομάσαι

208 2003 319 2068 πάσαν
332 1994 415 2087 όσην
428 1995 446 2069 ὁ
461 1999 601 2091 δάμαλις
615 2006 758 2092 διῆλθεν
773 2001 986 2073 Οὐιτουλίαν.
1023 2027 1154 2092 μετακε-

207 2118 282 2171 σεῑν
296 2101 341 2171 δὲ’
354 2097 419 2171 άνά
436 2102 559 2191 χρόνον
581 2103 643 2194 τὴν
656 2102 840 2194 ὀνομασίαν
855 2112 903 2187 είς
920 2103 958 2176 τό
973 2111 1039 2176 νῦν
1059 2109 1155 2194 σχῆμα

157 2222 190 2272 20
207 2201 309 2275 οὐδὲν
334 2203 549 2294 θαυμαστὸν,
576 2211 651 2278 έπεὶ
675 2211 732 2278 καί
747 2214 816 2278 τῶν
837 2205 1040 2298 Ἑλληνικῶν
1059 2202 1155 2278 πολλί

207 2306 244 2378 τὸ
266 2307 500 2410 παραπλήσιον
515 2313 691 2381 πέπονθεν
708 2308 890 2400 ὀνομάτων.
925 2309 1015 2401 πλὴν
1035 2304 1155 2385 stads

204 2409 367 2499 Ἀντίοχός
380 2433 485 2500 φησιν
498 2410 551 2483 ἐπ’
567 2411 690 2503 ἀνδρὸς
709 2409 888 2502 ἡγεμόνος,
908 2411 992 2503 ὅπερ
1011 2425 1093 2494 ἴσως
1107 2411 1155 2480 καί

207 2513 440 2602 πιθανώτερόν
453 2517 561 2603 ἐστιν,
575 2515 643 2586 εἶθ’
653 2514 698 2598 άς
707 2514 897 2598 Ἑλλάνικος
908 2529 1013 2588 οἴεται
1035 2520 1091 2587 ἐπὶ
1103 2517 1154 2583 τού

205 2615 333 2702 ταύρου
346 2615 408 2706 τὴν
421 2614 604 2708 ὀνομασίαν
616 2621 746 2710 ταύτην
755 2628 866 2709 ἔσχεν,
881 2621 991 2691 έκεῑνό
1000 2649 1040 2708 γε
1053 2624 1087 2702 ἐξ
1100 2615 1153 2705 ἀμ·

156 2737 188 2790 25
206 2731 287 2806 φοῑν
301 2723 420 2806 δῆλον,
435 2718 486 2790 ότι
498 2720 582 2792 κατά
595 2721 656 2813 τὴν
664 2719 865 2811 Ἡρακλέους
877 2721 1010 2813 ἡλικίαν
1023 2719 1044 2810 ἦ
1057 2722 1154 2810 μικρῷ

205 2820 358 2911 πρόσθεν
371 2819 476 2902 οὕτως
495 2822 688 2915 ὠνομάσθη.
716 2825 758 2896 τά
771 2826 809 2896 δὲ
829 2826 894 2917 πρὸ
906 2827 1035 2897 τούτων
1042 2823 1153 2908 Ἑλλη-

205 2951 262 3004 νες
276 2921 337 3013 μὲν
346 2920 522 3015 Ἑσπερίαν
536 2929 592 2997 καὶ
605 2927 780 2999 Αύσονίαν
793 2927 899 3020 αὐτὴν
913 2930 1072 3015 ἐκάλουν,
1086 2932 1120 2996 oc
1129 2919 1153 2992 δ’

204 3025 375 3115 ἐπιχώριοι
388 3036 623 3118 Σατουρνίαν,
638 3028 683 3114 ὡς
696 3040 829 3121 είρηταί
838 3060 894 3121 μοι
907 3033 1079 3120 πρότερον,

280 3129 434 3200 XXXVI.
450 3128 540 3224 ’Ἑστι
560 3123 600 3203 δέ
618 3162 668 3216 τις
686 3137 743 3204 καὶ
762 3140 872 3225 ἕτερος
893 3135 989 3223 λόγος
1008 3132 1073 3203 ὑπὸ
1092 3136 1154 3200 τάν

34 3287 38 3296 .
153 3245 188 3302 ⁸0
205 3235 393 3319 ἐπιχωρίων
412 3237 723 3325 μυθολογούμενος,
745 3234 789 3318 ἀς
808 3237 873 3326 πρὸ
887 3244 946 3326 τῆς
960 3236 1042 3317 Διὸς
1061 3234 1152 3322 ἀρχῆς

205 3330 223 3403 ὁ
238 3335 368 3424 Κρόνος
385 3340 423 3407 ἐν
442 3343 483 3428 τῇ
500 3345 543 3430 γῇ
564 3341 668 3428 ταύτῃ
689 3342 944 3427 δυναστεύσειε,
964 3343 1021 3409 καὶ
1033 3337 1052 3409 δ
1065 3334 1151 3424 λεγό-

205 3463 304 3522 μενος
324 3438 377 3508 ἐπ’
400 3443 532 3512 ἐκείνου
545 3450 619 3531 βίος
639 3440 744 3513 άπασι
766 3443 908 3532 δαψιλὴς
921 3440 1056 3523 ὁπόσοις
1076 3432 1151 3529 ὧραι
