2367 3850
402 132 459 210 '-
516 167 542 229 ε
595 198 640 212 -
939 167 997 231 ιω

40 330 96 401 διά
109 336 170 420 τῆς
182 325 372 421 καρπάσου,
402 327 487 401 ῶστε
510 328 618 419 μηδὲν
632 334 681 400 ἔτι
700 331 816 420 δεῆσαι
835 333 876 422 τῇ
898 329 995 402 πόλει

37 435 118 529 μήτε
133 431 309 522 ἁγνισμῶν
321 431 402 523 μήτε
414 435 494 504 νέου
507 432 622 522 πυρός.

22 540 23 551 ’
112 537 277 607 LXVIIII.
296 534 366 606 Ἔτι
380 537 418 608 δέ
431 535 551 608 τοότον
563 531 842 624 θαυμασιώτερόν
855 537 923 606 ἐστι
937 540 993 608 καὶ

38 641 140 734 μύθῳ
165 646 294 730 μᾶλλον
313 637 457 722 έοικδςδ
477 642 587 730 μέλλω
608 642 728 727 λέγειν.
768 644 995 811 κατηγορῆσαί

38 744 111 816 τινά
132 766 240 832 φασιν
265 742 390 825 ἀδίκως
409 748 486 833 μιᾶς
504 749 572 813 τῶν
599 743 784 840 παρθένων
801 747 869 813 τῶν
891 747 1025 830 ίερῶντ

45 845 228 929 Τυκκίας
208 875 330 937 ονομα,
364 842 557 936 άφανισμόν
577 847 641 935 μὲν
661 843 765 935 πυρός
785 841 847 916 οὐκ
875 854 990 935 ἔχοντα

40 953 241 1041 προφέρειν,
261 949 362 1031 ἄλλας
377 952 418 1020 δέ
426 978 519 1031 τινας
532 952 612 1032 iet
581 977 597 1020 ε
613 947 721 1021 κόνων
734 958 921 1039 τεκμηρίων
934 952 991 1020 καὶ

40 1059 236 1144 μαρτυριῶν
251 1050 438 1138 ἀποδείξεις
451 1049 651 1144 φέροντα’
611 1080 673 1123 ονκ
689 1048 845 1141 άληδεῖς·
873 1063 988 1124 κελευ-

42 1169 185 1228 σδεισαν
208 1154 243 1227 δ
265 1154 506 1247 ἀπολογεῖσθαι
531 1153 593 1282 πάγη
618 1159 792 1244 παρθένον
810 1159 909 1226 τοῦτο
929 1155 989 1246 μό·

43 1289 100 1329 νον
120 1257 301 1348 είπεῖν,”
281 1288 332 1330 οτι
350 1276 419 1341 τοῖς
440 1266 550 1351 ἔργοις
568 1251 770 1331 άπολόσετόιι
795 1256 853 1340 τάς
874 1264 988 1350 διαβο-
1008 1287 1042 1338 10

34 1363 111 1444 λάς·
145 1369 253 1435 ταῦτα
280 1361 316 1434 δ’
338 1368 499 1434 εἰποῦσαν
523 1361 659 1453 κοίτην
680 1359 766 1432 δεὸν
794 1364 989 1434 ἐπικαλεσα-

45 1470 144 1555 μένην
164 1461 312 1557 ἡγεμόνα
328 1471 386 1556 τῆς
405 1464 489 1538 6606
502 1469 661 1556 γενέσθαι
685 1464 846 1554 προάγειν
864 1465 965 1536 ἐπὶ
931 1493 991 1538 τον

51 1574 186 1658 Τέβεριν
212 1570 464 1659 ἐπιτρεψάντων
484 1569 547 1659 μὲν
571 1566 657 1660 αὐτῇ
677 1574 745 1640 τῶν
770 1574 990 1658 ἱεροφαντῶν,

45 1679 100 1742 τοῦ
124 1674 164 1744 δὲ
190 1673 275 1744 κατά
300 1672 362 1763 τὴν
389 1673 489 1744 πόλιν
522 1670 623 1762 όχλον
658 1674 989 1762 συμπροπέμποντος·

47 1779 226 1867 γενομένην
248 1777 286 1847 66
304 1782 366 1847 τοῦ
385 1782 536 1866 ποταμοῦ
558 1765 700 1864 πλησίον
719 1773 756 1846 τὸ
776 1775 988 1866 παροιμιαζό-
1008 1797 1040 1847 15

49 1909 142 1969 μενον
155 1885 194 1952 έν
207 1896 276 1963 τοῖς
295 1879 438 1968 πράτοις
456 1885 525 1951 τῶν
543 1876 722 1951 ἀδυνάτων
733 1875 922 1970 τόλμημα
905 1905 991 1952 νπο-
1055 1938 1058 1950 .

49 2001 172 2073 μεῖναι,
198 1982 414 2077 άρυσαμένην
433 1988 470 2055 ἐκ
491 1990 552 2055 τοῦ
570 1988 720 2074 ποταμοῦ
738 2010 826 2077 κενφ
812 1990 990 2110 ηρσκίνω

49 2091 98 2157 καί
120 2090 277 2178 μέχρι”
236 2117 294 2178 της
322 2086 445 2178 άγοράς
471 2090 656 2178 ἐνέγκασαν
675 2086 764 2176 παρά
784 2086 860 2170 τοὺς
887 2087 991 2168 πόδας

19 2198 109 2262 λτῶν
128 2197 339 2319 ίεροφαντῶν
359 2190 562 2283 ἐξερᾶσαι
529 2220 566 2261 το
585 2188 690 2282 ὕδωρ.
722 2192 778 2261 καὶ
792 2189 874 2280 μετά
886 2188 991 2260 ταῦτά

51 2318 124 2382 φασι
135 2294 197 2366 τόν
214 2295 399 2385 κατήγορον
420 2292 523 2383 αὐτῆς
535 2298 658 2384 κοίλης
679 2294 839 2382 ζητήσεως
853 2294 988 2382 γενομέ-
1007 2317 1041 2367 20

50 2427 101 2487 νης
120 2398 200 2488 μήτε
221 2405 327 2483 ζῶντα
346 2395 529 2488 εὑρεθῆναι
542 2396 625 2488 μὴτε
637 2395 769 2486 νεκρόν.
805 2393 882 2467 ἄλλ’
905 2392 990 2485 ὑπὲρ

52 2502 105 2587 μὲν
119 2508 186 2571 τῶν
208 2506 415 2591 ἐπιφανειῶν
427 2507 484 2589 τῆς
498 2507 580 2581 θεάς
600 2508 685 2588 ἒχων
699 2506 748 2570 ἔτι
760 2499 866 2571 πολλὰ
880 2502 991 2587 λέγειν

52 2608 99 2674 καὶ
113 2604 197 2675 ἄλλα
209 2610 313 2675 ταῦτα
327 2603 426 2675 ίκαυά
441 2610 596 2695 είρῆσδαι
612 2610 741 2693 νομιῖω.

118 2708 219 2779 LXX.
246 2705 347 2799 Ἕκτη
370 2707 407 2778 66
429 2723 528 2798 μοῖρα
548 2714 607 2797 τῆς
626 2709 703 2798 περὶ
729 2704 769 2776 τά
791 2716 870 2775 δεῖν
890 2731 989 2793 νομο-

53 2819 158 2893 θεσίας
182 2804 226 2902 ἦν
251 2808 271 2902 ἡ
297 2822 564 2902 προςνεμηθεῖσα
590 2824 658 2891 τοῖς
685 2812 901 2900 καλουμένοις
926 2804 992 2879 ὑπὸ
1010 2829 1042 2878 25

51 2908 205 3003 Ῥωμαίων
227 2923 369 3002 σαλίοις,
396 2910 456 2995 069
477 2907 608 2993 αὐτόςὸ
624 2912 741 3003 Νόμας
763 2910 935 2995 ἀπέδειξεν
955 2913 992 2980 ἐκ

55 3023 112 3087 τῶν
138 3026 322 3107 πατρικίων
344 3016 476 3088 δῶδεκα
496 3014 575 3097 τούς
604 3012 890 3106 εὐπρεπεστάτους
918 3016 990 3082 ἐπι-

56 3122 217 3212 λεξάμενος
239 3123 352 3208 νέους,
382 3111 431 3189 ῶν
448 3124 485 3189 έν
498 3126 656 3215 Παλατίω
673 3134 777 3190 κεῖται
791 3147 830 3187 τα
819 3112 923 3202 ίερά
937 3117 993 3184 καὶ

56 3221 138 3296 αὐτοὶ
158 3232 339 3296 καλοῦνται
352 3233 548 3295 Παλατῖνοι.
583 3224 664 3293 oi
630 3252 691 3313 μεν
709 3222 773 3311 γάρ
783 3218 991 3307 Ἀγωναλεῖς,

56 3320 110 3397 ὖκο
98 3327 161 3399 δέ
171 3357 277 3399 τινων
289 3335 449 3398 Κολλῖνοι
464 3326 664 3415 καλούμενοι
680 3326 804 3410 σάλιοι,
832 3312 880 3391 ῶν
893 3349 929 3389 πο
917 3319 991 3391 ίε·
1009 3343 1044 3395 30

20 3431 251 3538 οοφυλάκιόν
279 3435 370 3501 ἐστιν
394 3432 449 3500 έπῖ
475 3436 537 3499 τοῦ
560 3434 729 3499 Κολλίνου
755 3423 881 3510 λόφον,
910 3422 992 3510 μετά

20 3495 166 3623 Νόμαν
188 3529 478 3624 άπεδείγδησαν“
459 3559 526 3603 υπο
513 3528 706 3619 βασιλέως
722 3520 888 3594 Ὁστιλίου
914 3521 989 3594 κατ’
