2367 3850
644 123 652 138 Ι

518 149 747 211 ...Γ..

860 238 865 248 ι

154 309 331 401 μεσήσειεν
356 307 401 392 ὥς
420 307 538 382 άνόσια
559 311 762 402 πράττουσιν
789 317 822 382 εί
847 311 1024 382 δουλεύειν
1050 328 1122 392 τοῖς

69 469 71 472 -
154 419 253 496 ίδίοις
267 414 416 502 ἐκγόνοις
429 419 758 504 δυσανασχετοῦμεν,
774 412 851 486 ἄλλ’
862 421 898 485 οί
906 414 1121 487 καταλύοιεν·
1137 423 1172 474 48

155 544 209 598 τες
223 515 325 597 αύτάς
339 514 490 606 ἀρχῆθεν
504 519 560 588 καί
574 525 662 612 ἔργῳ
683 517 953 608 ἐπιχειρήσαντες
968 510 1123 612 άθεμίτηι

155 629 294 710 κρείττω
309 624 444 709 ποιήσαι
459 625 520 690 τοῦ
532 628 633 692 θείου
651 621 758 710 νόμον
770 621 831 692 τὸν
849 619 1084 708 ἀνθρώπινον·
1101 617 1122 688 ὅ

121 741 192 793 στι
223 723 395 812 δαιμόνιος
428 722 523 810 χόλος
547 722 609 812 ούχ
632 720 729 812 ήμῖν,
757 723 843 795 ἄλλά
867 723 998 804 τούτοις
1017 725 1122 792 ἐναν-

154 824 308 895 τιώσεται
326 823 459 897 κατὰτὸ
474 825 577 912 είκδς,
599 829 656 896 καί
675 823 696 916 ή
709 825 791 917 παρ’
805 825 1002 915 ἀνθρώπων
1017 829 1121 913 νέμε-

155 950 207 1008 σις
229 935 276 1007 είς
297 928 436 1009 τούτους
454 925 537 999 ἄνθ’
552 925 649 1018 ἡμῶν
662 930 883 1018 κατασκήψει.
917 932 957 999 εί
973 928 1038 1017 μὲν
1057 919 1126 998 οὖν

154 1035 260 1100 ταῦτα
278 1031 437 1120 κράτιστα
459 1037 562 1101 πᾶσιν
581 1028 664 1119 ύμῖν
680 1041 817 1102 ἔσεσθαι
833 1039 941 1118 δοκεῖ,
964 1030 1125 1120 πράττω-

155 1161 219 1224 μεν
231 1131 317 1203 αύτοὶ
334 1133 437 1214 θεούς
456 1137 511 1204 καὶ
534 1132 862 1225 δαίμοναςάρωγοδς
875 1133 1124 1223 ἐπικαλεσάμε-

106 1256 138 1306 10
156 1266 225 1324 νοι,
242 1245 273 1307 εί
286 1239 325 1308 δέ
336 1263 385 1316 τις
398 1233 495 1326 ὑμιόυ
511 1233 672 1308 τάυαντία
685 1244 813 1326 ἔγνωκε
825 1241 882 1308 καί
902 1243 1001 1306 δυεῖν
1012 1237 1124 1306 θάτε-

153 1367 214 1410 τον
233 1334 254 1427 ή
272 1343 438 1428 μηδέποτε
451 1338 693 1410 ἀνασώσασθαι
710 1339 748 1410 τό
762 1337 902 1429 άρχαῖον
915 1338 1046 1427 ἀξίωμα
1061 1346 1126 1428 τῆς

155 1442 282 1522 πόλεως
297 1453 402 1512 οίεται
422 1449 511 1529 δεῖν,
531 1437 552 1530 ή
567 1441 687 1532 καιρόν
700 1444 815 1532 ἕτερόν
826 1472 902 1513 τινα
917 1449 979 1513 τοῦ
992 1443 1126 1532 παρόν-

154 1571 211 1625 τος
223 1545 490 1635 ἐπιτηδειότερον
504 1547 696 1634 περιμένων
716 1544 939 1635 ἀναβάλλεται
953 1543 1014 1614 τδν
1030 1572 1125 1634 παρ-

155 1646 252 1735 όντα,
273 1646 317 1738 μή
332 1657 532 1719 κατοκνείτω
548 1651 666 1736 φέρειν
680 1655 728 1730 είς
741 1653 844 1738 μέσον
857 1648 880 1719 δι’
892 1663 1032 1738 φρονεῖ·
1055 1645 1076 1719 ό
1088 1676 1126 1717 τι

106 1760 137 1812 15
155 1748 219 1838 γάρ
234 1747 276 1818 άν
291 1748 416 1821 ἅπασιν
428 1748 510 1841 ὑμῖν
522 1751 701 1840 κράτιστον
714 1759 807 1842 φανῇ
826 1753 996 1847 βούλευμα
1008 1751 1125 1843 τούτῳ

119 1857 120 1860 ’
153 1852 356 1942 χρησόμεθα.

230 1954 364 2025 XXIIII.¹
379 1954 648 2027 Ἐπαινεσάντων
662 1958 700 2027 δὲ
712 1957 775 2047 τήν
794 1956 935 2046 γνώμην
947 1961 1016 2026 τοῖν
1032 1981 1124 2044 παρ-

154 2056 263 2128 όντων
276 2061 331 2129 καί
353 2059 461 2128 πάντα
475 2056 713 2149 ὑποσχομένων
736 2061 890 2149 ποιήσειν
911 2056 1021 2148 ὅρκοις
1041 2062 1124 2128 ἕκα-

155 2180 235 2232 στον
254 2159 368 2233 αὐτῶν
382 2162 581 2250 καταλαβών
596 2167 730 2234 διέλυσε
743 2163 992 2252 τόασύλλογον.
1026 2167 1070 2252 τῇ
1083 2159 1120 2232 δ’
1147 2183 1171 2223 ⁴³

105 2276 139 2327 20
156 2266 228 2352 έξής
248 2261 355 2357 ήμέρρι
377 2264 548 2356 προῄεσαν
569 2266 632 2353 μὲν
657 2271 694 2337 ἐκ
716 2269 777 2335 τοῦ
797 2267 941 2357 χάρακος
961 2271 998 2337 αί
1010 2272 1121 2356 Φιδη·

155 2375 262 2438 ναίων
281 2396 318 2437 τε
339 2370 395 2439 καὶ
414 2366 600 2457 συμμάχων
614 2370 773 2459 δυνάμεις
793 2366 862 2458 ἅμα
881 2376 929 2463 τῷ
944 2368 1003 2441 τόν
1022 2366 1124 2457 ήλιον

154 2465 314 2558 ἀνασχεῖν
327 2472 383 2539 καὶ
400 2468 646 2560 παρετάσσοντο
661 2469 706 2552 ὡς
720 2480 766 2553 είς
780 2472 906 2562 μάχην,
919 2470 1120 2561 άντεπεξήε·

156 2594 221 2641 σαν
242 2573 279 2642 δὲ
299 2578 334 2643 οί
341 2569 492 2662 Ῥωμαῖοι
513 2576 569 2642 καὶ
588 2581 793 2652 καθίσταντο
814 2582 862 2656 είς
875 2575 978 2657 τάξιν.
1005 2571 1042 2643 τό
1056 2574 1123 2661 μὲν

156 2665 219 2742 οὖν
239 2671 416 2763 άριστερὸν
434 2678 533 2765 κέρας
547 2672 647 2757 αύτός
666 2674 685 2746 ὁ
706 2677 833 2758 Τύλλος
854 2680 911 2747 καὶ
924 2684 959 2747 οί
967 2674 1123 2765 Ῥωμαῖοι

15 2809 17 2813 ·
105 2792 138 2846 25
156 2794 309 2864 κατεῖχον
330 2781 473 2849 ἐναντίοι
497 2776 716 2859 Οὐιεντανοῖς
742 2771 849 2858 (οὗτοι
872 2778 937 2867 γάρ
951 2779 988 2848 τὸ
1007 2778 1123 2861 δεξιόν

155 2886 223 2950 τῶν
236 2886 405 2969 πολεμίων
417 2898 571 2969 κατεῖχον
585 2883 715 2970 κέρας),
730 2884 786 2951 ἐπὶ
801 2883 839 2951 δε
851 2888 912 2951 τοῦ
926 2886 1039 2964 δεξιοῦ
1050 2886 1123 2950 τοῖν

151 2981 319 3072 Ῥωμαίων
334 2983 470 3073 κέρατος
484 2980 501 3053 ό
516 2985 660 3065 Μέττιος
668 2986 874 3073 Φουφέττιος
887 2986 943 3054 καί
957 2990 994 3054 ’σί
1002 2981 1121 3071 Ἀλβα-

155 3088 208 3158 νοὶ
222 3085 307 3155 κατὰ
322 3093 529 3175 Φιδηναίους
540 3086 630 3175 παρὰ
642 3086 706 3176 τήν
717 3088 844 3175 λαγόνα
858 3093 920 3157 τοῦ
931 3084 1031 3175 ὅρους
1043 3086 1121 3157 έτά-

155 3193 264 3271 ξαντο.
309 3192 381 3260 ἐπεὶ
402 3191 439 3259 δὲ
465 3189 633 3279 σύνεγγυς
658 3187 814 3279 ἀλλήλοιν
839 3194 1010 3277 ἐγίνοντο,
1036 3192 1123 3278 πρίν

106 3308 139 3361 30
157 3290 249 3371 ἐντὸς
275 3295 394 3378 βέλους
415 3297 576 3380 γενέσθαι
603 3298 638 3361 οί
656 3291 813 3381 Ἀλβανοί
840 3292 1034 3380 σχισθέντες
1051 3290 1121 3362 ἀπὸ

157 3398 217 3461 τοῦ
230 3392 334 3463 άλλου
348 3401 492 3483 στρατοῦ
504 3398 792 3482 συντεταγμένους
810 3387 894 3484 ήγον
907 3394 987 3475 τούς
1000 3394 1122 3484 λόχους

158 3494 213 3561 ἐπὶ
225 3492 263 3561 τό
275 3492 361 3583 ὅρος.
388 3503 423 3565 οί
433 3496 494 3585 μὲν
508 3488 571 3567 ούυ
581 3502 760 3585 Φιδηναῖοι
773 3498 939 3587 μαθόντες
948 3503 1048 3569 τοῦτο
1063 3502 1121 3571 καὶ
