2367 3850
400 124 633 196 --ιε-ω
935 93 1007 197 ἰον

27 319 140 383 μεναι.
177 290 222 374 ὥς
236 289 267 366 δ’
284 298 333 376 είς
344 291 405 364 τόν
416 291 547 383 χάρακα
563 297 634 364 ταῖν
645 297 808 382 Σαβίνων
821 295 997 382 προῆλθον

27 393 241 486 ὀδυρόμεναί
255 425 293 468 τε
312 399 370 466 καὶ
382 402 652 488 προσπίπτουσαι
670 412 741 478 τολς
756 391 916 467 ἁπάντων
936 395 995 485 γό-

29 522 110 570 νασι
130 498 242 570 πολύν
254 500 369 570 οἶκτον
384 504 423 572 έκ
435 505 506 570 τάν
518 496 677 587 δράντων
691 502 868 588 ἐκίνησαν,
884 501 940 569 καί
954 498 995 569 τά

28 602 168 692 δάκρυα
186 605 340 692 κατέχειν
352 601 466 683 οὐδεὶς
485 600 599 684 ἱκανός
617 593 670 691 ῆν.
707 604 936 690 συναχθέντος
957 601 996 674 δδ

28 703 152 787 αύταίς
165 711 227 776 τοῦ
238 711 421 796 συνεδρίου
439 711 510 775 τῶν
524 704 725 794 προβούλων
739 707 795 775 καὶ
814 705 993 776 κελεύσων·
1011 721 1029 776 σ

28 836 83 889 τος
97 814 164 878 τοῦ
181 811 345 897 βασιλέως
363 806 452 898 ὖπδρ
471 798 521 878 ὧν
533 805 655 898 ῆκονσι
674 810 786 896 λέγειν
804 805 825 896 ῆ
840 813 901 878 τοῦ
913 815 995 895 βου-

30 910 198 1001 λεύματος
210 908 340 1001 άρξασα
352 914 409 982 καλ
428 908 491 1000 τῆν
503 906 688 1000 ἡγεμονίαν
702 917 823 1001 ἔχουσα
836 915 895 999 τῆς
914 937 995 1000 πρε·

29 1023 148 1104 σβείας
160 1010 307 1103 Ἑρσιλία
326 1012 460 1104 μακράν
478 1017 536 1084 καλ
554 1019 720 1104 συμπαθῆ
742 1017 898 1102 διεξῆλθε
917 1015 994 1102 δέη·

30 1141 108 1204 σιν,
127 1115 268 1201 άξισῦσα
281 1127 484 1205 χαρίσασθαι
504 1115 567 1206 τῆν
584 1115 722 1206 είρῆνῆν
734 1132 807 1198 ταίς
822 1120 996 1204 δεομέναις

30 1217 119 1310 ὑπὲρ
138 1226 209 1290 ταῖν
227 1219 384 1307 άνδροὶν,
405 1218 450 1292 δι’
471 1217 512 1302 άς
530 1222 747 1309 ἐξενηνέχθαι
766 1218 826 1288 τὸν
846 1219 994 1307 πόλεμον
1013 1235 1047 1288 10

32 1321 238 1414 άπέφαινεν·
259 1322 316 1412 ἐφ’
332 1321 383 1406 οἷς
399 1325 439 1394 δὲ
453 1325 652 1414 γενήσονται
667 1330 808 1402 δικαίοις
828 1327 866 1394 αί
877 1321 994 1394 διαλύ-

34 1449 120 1514 σεις,
133 1426 214 1508 τούς
226 1425 392 1517 ἡγεμόνας
405 1424 530 1508 αύτούς
542 1427 771 1507 συνελθόντας
793 1423 849 1514 ἐφ’
866 1429 997 1498 ἑαυτῶν

37 1529 343 1621 διομολογήσασθαι
368 1529 451 1620 πρὸς
471 1529 510 1599 τό
526 1536 625 1621 κοινῆ
638 1529 814 1618 συμφέρον
835 1524 994 1615 ὁρῶντας.

105 1632 293 1703 XXXXVI.
320 1640 464 1704 Τοιαῦτα
482 1637 638 1704 εἰποῦσαι
657 1629 851 1721 προύπεσον
870 1628 996 1702 ἅπασαι

35 1741 102 1806 τάν
114 1763 177 1806 του
162 1739 354 1823 βασιλέως
367 1736 521 1825 γονάτων
534 1733 603 1825 άμα
617 1751 686 1817 τοῖς
699 1737 828 1816 τέκνοις
847 1736 905 1804 καλ
925 1734 993 1805 διέ-
1012 1747 1044 1802 λθ

37 1867 138 1929 μενον
158 1841 373 1931 ἐρριμμέναι,
398 1841 463 1920 ἕως
481 1836 669 1928 ἀνέστησαν
690 1835 792 1918 αύτὰς
806 1841 898 1908 έκ
856 1864 914 1927 της
934 1841 995 1927 γῆς

22 1942 252 2056 ολπαρόντες
260 1941 393 2015 άπαντα
413 1942 568 2033 ποιῆσειν
593 1970 633 2013 τα
623 1942 770 2032 μέτρια
790 1944 847 2013 καλ
867 1930 995 2013 δυνατά

39 2021 307 2135 ὑπισχνούμενοι.
354 2045 636 2136 μεταστησάμενοι
670 2046 708 2115 δὲ
737 2041 840 2125 αύτύις
866 2048 903 2115 έιι
934 2046 996 2112 τοῦ

40 2156 218 2239 συνεδρίου
236 2152 293 2221 καί
312 2150 585 2239 βουλευσάμενοι·
600 2145 681 2219 καθ’
698 2145 838 2228 ἑαυτούς
858 2152 996 2233 ἔκριναν

41 2264 208 2323 κυεῖσθαι
228 2280 287 2334 τας
308 2251 500 2341 διαλλαγάς.
539 2253 596 2323 καὶ
609 2258 759 2341 γίνονται
774 2262 842 2331 τοίς
858 2256 996 2319 ἔθνεσιν
1012 2266 1046 2317 20

41 2358 212 2444 ἐκεχειρίαι
227 2355 291 2445 μὲν
303 2360 451 2445 πρῶτον·
472 2364 585 2427 ἔπειτα
599 2352 838 2425 συνελθόντων
849 2357 919 2421 τῶν
932 2358 994 2439 βα-

14 2460 158 2529 λσιλέων
169 2464 339 2548 συνθῆκαι
359 2460 438 2545 περὶ
458 2465 583 2547 φιλίας.
627 2448 672 2547 ῆν
694 2456 732 2525 δε
750 2453 791 2524 τά
811 2462 995 2542 συνομολο-

42 2563 185 2650 γηθέντα
204 2577 275 2642 τοίς
293 2558 455 2651 ἀνδράσι,
475 2563 553 2650 περὶ
579 2551 629 2632 ὧν
643 2557 721 2641 τούς
741 2556 863 2645 ὅρκους
881 2554 996 2646 έποιῆ·

43 2685 152 2749 σαντο,
165 2663 295 2734 τοιάδε·
310 2666 468 2753 βασιλέως
480 2665 544 2753 μὲν
556 2662 644 2733 εἶναι
655 2658 825 2751 Ῥωμαίων
830 2656 998 2749 Ῥωμύλου

43 2767 93 2834 καλ
103 2765 224 2837 Τάτιον
244 2768 435 2856 ίσουῆφους
451 2764 551 2847 όντας
563 2768 620 2837 καὶ
633 2763 730 2855 τιμάς
742 2766 996 2853 καρπουμένους
1014 2784 1047 2835 25

42 2867 186 2956 τάςίσας,
195 2879 373 2941 καλεῖσθαι
387 2872 425 2941 δὲ
433 2870 495 2959 τῆν
505 2870 568 2958 μὲν
575 2868 676 2941 πόλιν
689 2868 812 2941 έπλτοῦ
824 2875 998 2945 κτίσαντος

43 2969 76 3039 τό
86 2969 169 3044 αύτδ
181 2972 420 3059 φυλάττουσαν
429 2972 535 3061 ὄνομα
551 2970 694 3063 Ῥώμην,
713 2972 770 3041 καὶ
784 2974 845 3041 ἕνα
858 2974 999 3040 ἕκαστον

44 3078 105 3143 τοῖν
123 3078 161 3145 έν
179 3073 267 3167 αὐτῆ
285 3082 432 3147 πολιτῶν
446 3072 625 3165 Ῥωμαίου,
652 3070 696 3157 ὥς
715 3073 894 3164 πρότερον,
921 3066 1000 3148 τούς

45 3177 78 3245 δὲ
94 3178 291 3266 σύμπαντας
313 3181 368 3249 έπί
388 3184 446 3267 τῆς
463 3174 766 3267 Τατίουπατρίδος
784 3180 881 3264 κοινῆ
902 3198 998 3259 περι·

43 3283 311 3369 λαμβανομένους
329 3282 446 3369 κλῆσει
464 3290 631 3369 Κυρίτας·
652 3276 901 3372 πολιτεύεινὶδδ
921 3273 998 3354 τούς
1016 3296 1050 3350 εο

43 3387 262 3473 βουλομένους
282 3392 445 3474 Σαβίνων
463 3388 503 3455 έν
516 3381 622 3472 Ῥύμῃ
644 3379 717 3471 ίερά
735 3408 771 3450 τε
792 3402 998 3465 συνενεγκα·

43 3489 157 3572 μένους
175 3490 234 3557 καλ
252 3492 301 3569 είς
321 3486 430 3575 φυλάς
450 3489 506 3558 καλ
526 3487 675 3577 φράτρας
697 3482 999 3571 έαιδιαιρεθέντας.
