2367 3850
175 60 260 155 ἰον
559 114 613 128 --
663 85 696 144 A
747 113 799 131 -ι-

197 248 280 333 νοός
297 243 397 328 αὐτὸς
416 242 507 341 ὁρᾷς.
535 272 554 315 ο
540 241 650 317 δὲ’
629 260 812 335 αρανακτελ
821 273 860 316 τε
873 247 931 315 καὶ
943 241 1044 316 δεινά
1057 258 1148 315 ποιεῖ

197 383 271 440 ται,
292 346 336 431 ὥς
355 344 614 441 διηρτημένος
595 344 654 420 υπ’
676 345 800 437 αύτού,
821 352 879 459 της
895 376 931 419 τε
950 345 1147 428 ἆποικίας’
1118 376 1150 417 ον

198 454 409 551 μεθήσεσθαι
421 450 513 548 αύτῷ
523 476 642 542 φησιν.

276 555 473 629 LXXXVII
495 554 569 627 Ἀυί
568 576 684 627 σταται
705 553 746 645 δὴ
765 558 804 627 έκ
823 554 945 638 τούτου
966 561 1091 643 μειζων
1107 557 1153 640 της

142 710 143 715 1
167 682 183 733 δ
201 664 363 751 προτέρας
377 654 670 752 ἔριςὲιιατέρου
635 687 673 728 το
694 660 797 731 πλέον
817 667 906 748 ἔχειν
924 654 1069 746 άφανῶς
1082 662 1153 725 διοι·

200 766 384 854 κουμένου·
396 760 434 831 τό
449 764 486 833 δέ
498 762 544 852 μὴ
557 777 654 852 μεῖον
666 759 866 850 άναφανδόν
881 759 948 832 άπὸ
959 759 1155 837 δικαιώσεως

200 872 331 948 τοιάςδε
344 866 638 947 ἐπισυνάπτοντος.
660 866 838 956 εἰρημένον
847 862 911 953 γάρ
921 856 964 954 ἦν
974 862 1093 943 αὐτοῖς
1101 858 1155 930 ύπό

200 976 261 1043 τού
274 968 531 1059 μητροπάτορος,
542 966 609 1062 ὅτφ
621 964 666 1039 άν
679 972 831 1061 προτέρῳ
843 978 1018 1059 κρείττους
1031 964 1156 1061 ὄρνιθες

77 1130 79 1135 -
202 1072 448 1164 ἐπισημήνωσι,
466 1078 587 1144 τούτου
600 1069 716 1161 άρχειν
729 1077 788 1161 τῆς
800 1069 967 1152 άποικίας.
995 1067 1156 1160 γένουςδλ

153 1202 186 1254 10
202 1177 393 1268 ὀρνίθια’
375 1174 449 1257 ενὸς
470 1170 598 1266 ἀμφοῖν
616 1172 821 1264 ὀφθέντος
805 1204 824 1245 ο
843 1177 905 1265 μὲν
924 1180 973 1268 τῷ
994 1174 1157 1263 πρότερος,

203 1312 222 1353 ο
208 1280 280 1352 δέ
301 1308 348 1375 τρι
333 1286 540 1359 πλείουςί
526 1284 614 1349 ίδεῑν
632 1278 842 1368 ἐκρατύνετο.
873 1274 1156 1367 συνελάμβαυεδὲ

205 1381 318 1463 αὐτοῖς
335 1410 393 1471 της
413 1389 623 1471 φιλονεικίας
642 1383 700 1452 καὶ
722 1380 760 1451 τὸ
779 1379 861 1453 άλλο
882 1388 1015 1472 πληθος
1035 1374 1117 1471 ἦρξέ
1131 1405 1158 1447 ιε

182 1488 353 1576 πολέμου
373 1491 450 1575 δίχα
470 1513 539 1558 των
557 1479 748 1611 ηχεμόνων·
741 1479 935 1572 όπλισδέν,
957 1513 1019 1554 και
1041 1491 1158 1573 γίνεται

143 1628 144 1633 ’
198 1590 292 1681 ,μάχη
312 1617 456 1681 καρτερά
443 1588 532 1659 καί
552 1587 658 1678 φόνος
676 1584 742 1671 έξ’
723 1604 852 1677 αμφοῖν
864 1588 981 1669 πολύς.
1012 1590 1054 1659 έν
1067 1584 1158 1671 ταύτῃ

155 1719 188 1773 15
205 1699 292 1784 φασί
311 1720 400 1773 τινες
421 1699 461 1783 τῇ
484 1693 573 1782 μάχη
593 1690 654 1763 τὸν
676 1692 885 1780 Φαιστύλον,
908 1689 945 1773 ὃς
963 1693 1158 1779 ἐξεθρέψατο

204 1794 282 1889 τούς
295 1801 504 1883 νεανίσκους,
515 1800 671 1866 διαλῦσαι
683 1793 747 1885 τὴν
759 1803 832 1884 ἔριν
844 1800 913 1866 τῶν
921 1793 1086 1883 ἀδελφῶν
1093 1799 1157 1880 βου

206 1894 359 1989 λόμενον,
367 1894 412 1980 ὡς
424 1895 526 1990 οὐδέν
539 1894 609 1980 οἷός
622 1889 699 1990 τ’ἦν
711 1896 846 1986 άυύσαι,
861 1906 909 1982 είς
920 1901 1046 1989 μέσους
1059 1894 1158 1968 ὤσασ-

204 2013 266 2076 θαι
278 2001 363 2084 τούς
382 2005 589 2093 μαχομένους
609 2000 759 2073 άνοπλον
772 2001 925 2074 θανάτου
937 2007 998 2072 τοῦ
1012 2007 1166 2090 ταχίστου,

204 2119 320 2196 τυχεῖν
338 2106 642 2197 προθυμούμενον,
663 2104 747 2194 ὅπερ
765 2110 912 2232 gymno:
942 2107 1032 2186 τινὲς
1051 2105 1093 2176 δε
1113 2101 1159 2172 καὶ

155 2239 190 2292 20
205 2208 266 2282 τόν
277 2207 443 2282 λέοντα
409 2236 469 2282 τον
482 2204 670 2297 λίθινον,“
649 2237 687 2291 ος
701 2215 864 2281 ἔκειτο
821 2237 880 2299 της
890 2206 1017 2296 άμορᾶς
1031 2213 1090 2298 τῆς
1102 2209 1158 2274 τῶν

201 2309 372 2406 Ῥωμαίων
390 2315 429 2382 έν
449 2341 496 2408 τρι
483 2318 679 2406 κρατίστῳ
693 2321 804 2406 χωρίῳ
818 2311 908 2402 παρά
922 2328 991 2393 τοῖς
1003 2311 1158 2402 ἐμβόλοις,

206 2419 263 2488 έπλ
280 2423 328 2510 τῷ
349 2415 477 2505 σάματι
497 2444 558 2487 του
543 2415 767 2486 Φαιστύλου
779 2417 1062 2506 τεθηναί-φασιν,
1084 2420 1158 2485 ἔνθα

205 2527 327 2592 ἔπεσεν
349 2515 417 2592 ὑπὸ
439 2525 508 2590 τάν
532 2514 703 2606 εὑρόντων
725 2522 907 2608 ταφέντος.’
935 2517 1160 2592 άποδανόντθί

207 2619 241 2693 δ’
257 2623 295 2692 έν
306 2626 349 2712 τῇ
362 2622 449 2712 μάχη
462 2627 524 2693 τοῦ
543 2617 668 2711 Ῥάμου
679 2631 781 2712 νίκην
794 2628 965 2710 οἰκτίστην
974 2619 997 2692 ’ὁ
1006 2618 1159 2711 Ῥωμύλος

156 2743 190 2798 25
207 2721 275 2794 άπό
304 2750 341 2795 τε
370 2732 431 2796 τοῦ
455 2723 608 2812 άδελφού
632 2727 690 2794 καὶ
714 2731 888 2815 πολιτικῆς
911 2722 1160 2814 ἀλληλοκτονίας

207 2824 406 2915 ἀνελόμενος
429 2828 488 2900 τόν
509 2828 573 2917 μὲν
589 2824 712 2919 Ῥῶμον
740 2831 779 2898 έν
800 2833 843 2919 τῇ
862 2825 1011 2920 Ῥεμορίᾳ
1034 2828 1158 2905 θάπτει,

207 2927 325 3020 ἐπειδὴ
337 2931 394 3000 καὶ
403 2936 469 3014 ζῶν
478 2937 538 3002 τοῦ
546 2940 672 3024 χωρίου
680 2937 739 3021 τῆς
745 2941 884 3014 κτίσεως
893 2939 1095 3021 περιείχετο,
1105 2924 1158 2998 αύ-

208 3033 262 3116 τὸς
277 3034 315 3103 δὲ
328 3030 394 3103 άπό
407 3033 515 3124 λύπης
527 3057 564 3104 ιε
579 3037 636 3123 καί
648 3042 826 3125 μετανοίας
842 3041 911 3107 τάν
923 3037 1158 3123 πεπραγμένων

207 3138 325 3228 παρείς
345 3135 519 3212 έπυτόνί
486 3165 502 3209 ε
503 3145 534 3219 ς
549 3135 743 3228 αποχνοοσιυ
755 3167 816 3209 του
802 3144 908 3228 βίον
920 3141 1085 3228 τρέπεται.
1111 3139 1160 3222 τῆς

158 3258 198 3318 υ)
209 3241 247 3312 δὲ
259 3239 526 3330 Λαυρεντίας,“
492 3241 699 3370 ηνεοχνούς
711 3247 952 3338 παραλαβοῦσα
965 3243 1157 3328 ἐξεθρέψατο

208 3346 266 3414 καὶ
278 3341 403 3435 μητρὸς
412 3341 474 3434 ούχ
485 3372 585 3437 ηττον
597 3343 770 3436 ἠσπάζετο,
779 3347 939 3435 δεομένης
950 3334 1008 3416 καλ
1020 3367 1155 3433 παρηγο-

209 3446 349 3536 ρούσης,
367 3445 473 3538 ταύτῃ
491 3446 891 3539 πειθόμενοςάνίσταται
914 3446 1114 3538 συναγαγών
1125 3442 1156 3514 δὲ
