<?xml version="1.0" encoding="UTF-8"?>
<!DOCTYPE html PUBLIC "-//W3C//DTD XHTML 1.0 Transitional//EN"
    "http://www.w3.org/TR/xhtml1/DTD/xhtml1-transitional.dtd">
<html xmlns="http://www.w3.org/1999/xhtml" xml:lang="en" lang="en">
 <head>
  <title>
</title>
<meta http-equiv="Content-Type" content="text/html;charset=utf-8" />
  <meta name='ocr-system' content='tesseract 3.04.00' />
  <meta name='ocr-capabilities' content='ocr_page ocr_carea ocr_par ocr_line ocrx_word'/>
</head>
<body>
  <div class='ocr_page' id='page_1' title='image "./dionysihalicarn00kiesgoog/dionysihalicarn00kiesgoog_0136.png"; bbox 0 0 2367 3850; ppageno 0'>
   <div class='ocr_carea' id='block_1_1' title="bbox 184 66 765 135">
    <p class='ocr_par' dir='ltr' id='par_1_1' title="bbox 184 66 765 135">
     <span class='ocr_line' id='line_1_1' title="bbox 184 66 765 135; baseline -0.005 0"><span class='ocrx_word' id='word_1_1' title='bbox 184 74 225 135; x_wconf 82' lang='lat'><strong><em>72</em></strong></span> <span class='ocrx_word' id='word_1_2' title='bbox 539 66 765 132; x_wconf 50' lang='grc' dir='ltr'><strong><em>*Α-</em></strong></span> 
     </span>
    </p>
   </div>
   <div class='ocr_carea' id='block_1_2' title="bbox 40 227 1164 3570">
    <p class='ocr_par' dir='ltr' id='par_1_2' title="bbox 40 227 1164 3570">
     <span class='ocr_line' id='line_1_2' title="bbox 185 227 1133 323; baseline -0.004 -18"><span class='ocrx_word' id='word_1_3' title='bbox 185 234 325 315; x_wconf 85' lang='grc' dir='ltr'><strong><em>σθέντες</em></strong></span> <span class='ocrx_word' id='word_1_4' title='bbox 338 233 533 323; x_wconf 86' lang='grc' dir='ltr'><strong><em>έποιοῦμεν·</em></strong></span> <span class='ocrx_word' id='word_1_5' title='bbox 552 228 643 303; x_wconf 75' lang='grc' dir='ltr'><strong><em>ἅπαν</em></strong></span> <span class='ocrx_word' id='word_1_6' title='bbox 656 232 693 303; x_wconf 75' lang='grc' dir='ltr'><strong><em>δέ</em></strong></span> <span class='ocrx_word' id='word_1_7' title='bbox 706 231 906 322; x_wconf 72' lang='grc' dir='ltr'><em>σύγγνωμον</em></span> <span class='ocrx_word' id='word_1_8' title='bbox 922 228 961 314; x_wconf 83' lang='grc' dir='ltr'><strong><em>τδ</em></strong></span> <span class='ocrx_word' id='word_1_9' title='bbox 974 227 1133 303; x_wconf 77' lang='grc' dir='ltr'><strong><em>ἀκούσιον.</em></strong></span> 
     </span>
     <span class='ocr_line' id='line_1_3' title="bbox 186 330 1136 427; baseline -0.003 -20"><span class='ocrx_word' id='word_1_10' title='bbox 186 338 243 411; x_wconf 80' lang='grc' dir='ltr'><strong><em>καὶ</em></strong></span> <span class='ocrx_word' id='word_1_11' title='bbox 264 341 318 408; x_wconf 75' lang='grc' dir='ltr'><strong><em>δεῖ</em></strong></span> <span class='ocrx_word' id='word_1_12' title='bbox 334 330 421 425; x_wconf 85' lang='grc' dir='ltr'><strong><em>ῦμῦς</em></strong></span> <span class='ocrx_word' id='word_1_13' title='bbox 439 335 546 427; x_wconf 72' lang='grc' dir='ltr'><strong><em>μηδὲν</em></strong></span> <span class='ocrx_word' id='word_1_14' title='bbox 566 339 719 407; x_wconf 81' lang='grc' dir='ltr'><strong><em>ἐναντίον</em></strong></span> <span class='ocrx_word' id='word_1_15' title='bbox 737 339 921 425; x_wconf 85' lang='grc' dir='ltr'><strong><em>βουλεῦσαι</em></strong></span> <span class='ocrx_word' id='word_1_16' title='bbox 945 338 1024 424; x_wconf 79' lang='grc' dir='ltr'><strong><em>περὶ</em></strong></span> <span class='ocrx_word' id='word_1_17' title='bbox 1049 331 1136 425; x_wconf 75' lang='grc' dir='ltr'><strong><em>ἡμῶν</em></strong></span> 
     </span>
     <span class='ocr_line' id='line_1_4' title="bbox 150 436 1135 533; baseline -0.003 -22"><span class='ocrx_word' id='word_1_18' title='bbox 150 529 153 533; x_wconf 21' lang='lat'>¹</span> <span class='ocrx_word' id='word_1_19' title='bbox 186 454 298 530; x_wconf 74' lang='grc' dir='ltr'><strong><em>χεῖρας</em></strong></span> <span class='ocrx_word' id='word_1_20' title='bbox 315 441 566 530; x_wconf 77' lang='grc' dir='ltr'><strong><em>προεχομένων,</em></strong></span> <span class='ocrx_word' id='word_1_21' title='bbox 588 445 619 509; x_wconf 86' lang='grc' dir='ltr'><strong><em>εί</em></strong></span> <span class='ocrx_word' id='word_1_22' title='bbox 641 439 679 509; x_wconf 73' lang='grc' dir='ltr'><strong><em>δέ</em></strong></span> <span class='ocrx_word' id='word_1_23' title='bbox 698 436 761 528; x_wconf 80' lang='grc' dir='ltr'><strong><em>μὴ,</em></strong></span> <span class='ocrx_word' id='word_1_24' title='bbox 784 436 889 519; x_wconf 83' lang='grc' dir='ltr'><strong><em>θεούς</em></strong></span> <span class='ocrx_word' id='word_1_25' title='bbox 908 440 964 510; x_wconf 81' lang='grc' dir='ltr'><strong><em>καλ</em></strong></span> <span class='ocrx_word' id='word_1_26' title='bbox 984 445 1135 528; x_wconf 86' lang='grc' dir='ltr'><strong><em>δαίμονας</em></strong></span> 
     </span>
     <span class='ocr_line' id='line_1_5' title="bbox 187 540 1134 633; baseline -0.003 -20"><span class='ocrx_word' id='word_1_27' title='bbox 187 552 221 615; x_wconf 84' lang='grc' dir='ltr'><strong><em>ολ</em></strong></span> <span class='ocrx_word' id='word_1_28' title='bbox 239 544 415 631; x_wconf 79' lang='grc' dir='ltr'><strong><em>κατέχουσι</em></strong></span> <span class='ocrx_word' id='word_1_29' title='bbox 433 540 535 631; x_wconf 81' lang='grc' dir='ltr'><strong><em>τήνδε</em></strong></span> <span class='ocrx_word' id='word_1_30' title='bbox 555 541 617 633; x_wconf 76' lang='grc' dir='ltr'><strong><em>τὴν</em></strong></span> <span class='ocrx_word' id='word_1_31' title='bbox 636 548 701 633; x_wconf 73' lang='grc' dir='ltr'><strong><em>γῆν</em></strong></span> <span class='ocrx_word' id='word_1_32' title='bbox 714 540 974 632; x_wconf 84' lang='grc' dir='ltr'><strong><em>παραιτούμενοι</em></strong></span> <span class='ocrx_word' id='word_1_33' title='bbox 987 540 1134 629; x_wconf 81' lang='grc' dir='ltr'><strong><em>συγγνό-</em></strong></span> 
     </span>
     <span class='ocr_line' id='line_1_6' title="bbox 153 636 1137 737; baseline 0.002 -24"><span class='ocrx_word' id='word_1_34' title='bbox 153 662 170 713; x_wconf 81' lang='grc' dir='ltr'><strong><em>ο</em></strong></span> <span class='ocrx_word' id='word_1_35' title='bbox 187 674 290 737; x_wconf 86' lang='grc' dir='ltr'><strong><em>μονας</em></strong></span> <span class='ocrx_word' id='word_1_36' title='bbox 304 642 384 736; x_wconf 80' lang='grc' dir='ltr'><strong><em>ἡμῖν</em></strong></span> <span class='ocrx_word' id='word_1_37' title='bbox 400 647 559 735; x_wconf 79' lang='grc' dir='ltr'><strong><em>γενέσθαι</em></strong></span> <span class='ocrx_word' id='word_1_38' title='bbox 580 650 657 731; x_wconf 77' lang='grc' dir='ltr'><strong><em>[καί]</em></strong></span> <span class='ocrx_word' id='word_1_39' title='bbox 679 636 727 716; x_wconf 80' lang='grc' dir='ltr'><strong><em>ύν</em></strong></span> <span class='ocrx_word' id='word_1_40' title='bbox 746 642 993 736; x_wconf 77' lang='grc' dir='ltr'><strong><em>ἠναγκασμένοι</em></strong></span> <span class='ocrx_word' id='word_1_41' title='bbox 1010 650 1137 736; x_wconf 75' lang='grc' dir='ltr'><strong><em>δρῶμεν</em></strong></span> 
     </span>
     <span class='ocr_line' id='line_1_7' title="bbox 97 744 1138 840; baseline -0.004 -19"><span class='ocrx_word' id='word_1_42' title='bbox 97 770 100 777; x_wconf 87' lang='grc'><strong><em>’</em></strong></span> <span class='ocrx_word' id='word_1_43' title='bbox 186 748 416 840; x_wconf 71' lang='grc' dir='ltr'><strong><em>πειρασόμεθα</em></strong></span> <span class='ocrx_word' id='word_1_44' title='bbox 430 749 576 839; x_wconf 84' lang='grc' dir='ltr'><strong><em>πολέμου</em></strong></span> <span class='ocrx_word' id='word_1_45' title='bbox 589 748 749 838; x_wconf 71' lang='grc' dir='ltr'><strong><em>ἄρχοντας</em></strong></span> <span class='ocrx_word' id='word_1_46' title='bbox 766 744 852 839; x_wconf 81' lang='grc' dir='ltr'><strong><em>ῦμοὶς</em></strong></span> <span class='ocrx_word' id='word_1_47' title='bbox 866 745 1070 838; x_wconf 74' lang='grc' dir='ltr'><strong><em>ἀμύνεσθαι.</em></strong></span> <span class='ocrx_word' id='word_1_48' title='bbox 1104 744 1138 817; x_wconf 90' lang='grc' dir='ltr'><strong><em>ού</em></strong></span> 
     </span>
     <span class='ocr_line' id='line_1_8' title="bbox 187 848 1137 943; baseline -0.004 -20"><span class='ocrx_word' id='word_1_49' title='bbox 187 850 251 943; x_wconf 80' lang='grc' dir='ltr'><strong><em>γὰρ</em></strong></span> <span class='ocrx_word' id='word_1_50' title='bbox 280 848 321 923; x_wconf 76' lang='grc' dir='ltr'><strong><em>δν</em></strong></span> <span class='ocrx_word' id='word_1_51' title='bbox 341 857 406 923; x_wconf 90' lang='grc' dir='ltr'><strong><em>νῦν</em></strong></span> <span class='ocrx_word' id='word_1_52' title='bbox 432 850 566 942; x_wconf 82' lang='grc' dir='ltr'><strong><em>πρύτου</em></strong></span> <span class='ocrx_word' id='word_1_53' title='bbox 590 850 671 923; x_wconf 75' lang='grc' dir='ltr'><strong><em>ούδδ</em></strong></span> <span class='ocrx_word' id='word_1_54' title='bbox 694 860 853 942; x_wconf 86' lang='grc' dir='ltr'><strong><em>μεγίστου</em></strong></span> <span class='ocrx_word' id='word_1_55' title='bbox 871 854 1019 941; x_wconf 84' lang='grc' dir='ltr'><strong><em>πολέμου</em></strong></span> <span class='ocrx_word' id='word_1_56' title='bbox 1045 855 1137 921; x_wconf 91' lang='grc' dir='ltr'><strong><em>τοῦδε</em></strong></span> 
     </span>
     <span class='ocr_line' id='line_1_9' title="bbox 187 950 1137 1046; baseline -0.001 -21"><span class='ocrx_word' id='word_1_57' title='bbox 187 953 447 1044; x_wconf 76' lang='grc' dir='ltr'><strong><em>ἀπολαύσαιμεν.</em></strong></span> <span class='ocrx_word' id='word_1_58' title='bbox 484 950 527 1037; x_wconf 80' lang='grc' dir='ltr'><strong><em>ῦς</em></strong></span> <span class='ocrx_word' id='word_1_59' title='bbox 541 954 696 1025; x_wconf 71' lang='grc' dir='ltr'><strong><em>δὲταῦτα</em></strong></span> <span class='ocrx_word' id='word_1_60' title='bbox 712 952 730 1026; x_wconf 88' lang='grc' dir='ltr'><strong><em>ό</em></strong></span> <span class='ocrx_word' id='word_1_61' title='bbox 746 964 889 1039; x_wconf 75' lang='grc' dir='ltr'><strong><em>Λατῖνος</em></strong></span> <span class='ocrx_word' id='word_1_62' title='bbox 902 952 1050 1046; x_wconf 74' lang='grc' dir='ltr'><strong><em>ἤκουσεν</em></strong></span> <span class='ocrx_word' id='word_1_63' title='bbox 1064 952 1137 1025; x_wconf 84' lang='grc' dir='ltr'><strong><em>ύπε·</em></strong></span> 
     </span>
     <span class='ocr_line' id='line_1_10' title="bbox 187 1054 1138 1148; baseline -0.002 -18"><span class='ocrx_word' id='word_1_64' title='bbox 187 1065 325 1148; x_wconf 91' lang='grc' dir='ltr'><strong><em>κρίνατο</em></strong></span> <span class='ocrx_word' id='word_1_65' title='bbox 351 1058 434 1147; x_wconf 78' lang='grc' dir='ltr'><strong><em>πρὸς</em></strong></span> <span class='ocrx_word' id='word_1_66' title='bbox 459 1055 579 1130; x_wconf 81' lang='grc' dir='ltr'><strong><em>αὐτόν·</em></strong></span> <span class='ocrx_word' id='word_1_67' title='bbox 603 1056 692 1129; x_wconf 70' lang='grc' dir='ltr'><strong><em>Ἀλλ’</em></strong></span> <span class='ocrx_word' id='word_1_68' title='bbox 710 1065 815 1148; x_wconf 83' lang='grc' dir='ltr'><strong><em>ἔγωγε</em></strong></span> <span class='ocrx_word' id='word_1_69' title='bbox 838 1056 977 1130; x_wconf 87' lang='grc' dir='ltr'><strong><em>εύνοιύν</em></strong></span> <span class='ocrx_word' id='word_1_70' title='bbox 997 1086 1035 1129; x_wconf 87' lang='grc' dir='ltr'><strong><em>τε</em></strong></span> <span class='ocrx_word' id='word_1_71' title='bbox 1064 1054 1138 1146; x_wconf 80' lang='grc' dir='ltr'><strong><em>πρὸς</em></strong></span> 
     </span>
     <span class='ocr_line' id='line_1_11' title="bbox 138 1158 1163 1288; baseline 0 -57"><span class='ocrx_word' id='word_1_72' title='bbox 138 1178 171 1231; x_wconf 87' lang='grc'><strong><em>10</em></strong></span> <span class='ocrx_word' id='word_1_73' title='bbox 187 1159 277 1233; x_wconf 78' lang='grc' dir='ltr'><strong><em>ἅπαν</em></strong></span> <span class='ocrx_word' id='word_1_74' title='bbox 296 1160 333 1231; x_wconf 88' lang='grc' dir='ltr'><strong><em>τδ</em></strong></span> <span class='ocrx_word' id='word_1_75' title='bbox 344 1158 536 1250; x_wconf 82' lang='grc' dir='ltr'><strong><em>Ἑλληνικόν</em></strong></span> <span class='ocrx_word' id='word_1_76' title='bbox 543 1163 645 1288; x_wconf 82' lang='grc' dir='ltr'><strong><em>γένος</em></strong></span> <span class='ocrx_word' id='word_1_77' title='bbox 658 1170 721 1251; x_wconf 82' lang='grc' dir='ltr'><strong><em>έχοι</em></strong></span> <span class='ocrx_word' id='word_1_78' title='bbox 735 1164 792 1233; x_wconf 77' lang='grc' dir='ltr'><strong><em>καὶ</em></strong></span> <span class='ocrx_word' id='word_1_79' title='bbox 804 1178 994 1253; x_wconf 77' lang='grc' dir='ltr'><strong><em>συμφοραῖς</em></strong></span> <span class='ocrx_word' id='word_1_80' title='bbox 1007 1160 1137 1251; x_wconf 78' lang='grc' dir='ltr'><strong><em>ύνθρύ</em></strong></span> <span class='ocrx_word' id='word_1_81' title='bbox 1162 1159 1163 1178; x_wconf 54' lang='lat'>³</span> 
     </span>
     <span class='ocr_line' id='line_1_12' title="bbox 187 1247 1164 1357; baseline -0.001 -21"><span class='ocrx_word' id='word_1_82' title='bbox 187 1292 262 1336; x_wconf 90' lang='grc' dir='ltr'><strong><em>πων</em></strong></span> <span class='ocrx_word' id='word_1_83' title='bbox 288 1262 486 1353; x_wconf 77' lang='grc' dir='ltr'><strong><em>ἀναγκαίαις</em></strong></span> <span class='ocrx_word' id='word_1_84' title='bbox 507 1266 596 1335; x_wconf 82' lang='grc' dir='ltr'><strong><em>πάνυ</em></strong></span> <span class='ocrx_word' id='word_1_85' title='bbox 617 1262 780 1357; x_wconf 78' lang='grc' dir='ltr'><strong><em>ἄχθομαι,</em></strong></span> <span class='ocrx_word' id='word_1_86' title='bbox 810 1266 981 1351; x_wconf 76' lang='grc' dir='ltr'><strong><em>σώζεσθαί</em></strong></span> <span class='ocrx_word' id='word_1_87' title='bbox 996 1294 1035 1349; x_wconf 88' lang='grc' dir='ltr'><strong><em>τε</em></strong></span> <span class='ocrx_word' id='word_1_88' title='bbox 1060 1260 1138 1354; x_wconf 85' lang='grc' dir='ltr'><strong><em>ῦμᾶς</em></strong></span> <span class='ocrx_word' id='word_1_89' title='bbox 1125 1247 1164 1356; x_wconf 63' lang='grc' dir='ltr'><strong><em>ςίί</em></strong></span> 
     </span>
     <span class='ocr_line' id='line_1_13' title="bbox 146 1363 1163 1471; baseline -0.005 -30.785"><span class='ocrx_word' id='word_1_90' title='bbox 146 1370 266 1471; x_wconf 72' lang='grc' dir='ltr'><strong><em>περί</em></strong></span> <span class='ocrx_word' id='word_1_91' title='bbox 286 1373 413 1439; x_wconf 89' lang='grc' dir='ltr'><strong><em>πολλοῦ</em></strong></span> <span class='ocrx_word' id='word_1_92' title='bbox 431 1363 474 1439; x_wconf 80' lang='grc' dir='ltr'><strong><em>ῦν</em></strong></span> <span class='ocrx_word' id='word_1_93' title='bbox 493 1376 715 1459; x_wconf 89' lang='grc' dir='ltr'><strong><em>ποιησαίμην,</em></strong></span> <span class='ocrx_word' id='word_1_94' title='bbox 742 1380 777 1441; x_wconf 87' lang='grc' dir='ltr'><strong><em>εί</em></strong></span> <span class='ocrx_word' id='word_1_95' title='bbox 793 1397 850 1459; x_wconf 89' lang='grc' dir='ltr'><strong><em>μοι</em></strong></span> <span class='ocrx_word' id='word_1_96' title='bbox 868 1375 964 1459; x_wconf 75' lang='grc' dir='ltr'><strong><em>δῆλοι</em></strong></span> <span class='ocrx_word' id='word_1_97' title='bbox 985 1370 1163 1457; x_wconf 75' lang='grc' dir='ltr'><strong><em>γένοισθε</em></strong></span> 
     </span>
     <span class='ocr_line' id='line_1_14' title="bbox 186 1466 1164 1563; baseline 0.003 -20.063"><span class='ocrx_word' id='word_1_98' title='bbox 186 1466 345 1562; x_wconf 80' lang='grc' dir='ltr'><strong><em>οἰκήσεως</em></strong></span> <span class='ocrx_word' id='word_1_99' title='bbox 367 1469 559 1561; x_wconf 74' lang='grc' dir='ltr'><strong><em>δεόμενοι”</em></strong></span> <span class='ocrx_word' id='word_1_100' title='bbox 537 1500 633 1563; x_wconf 88' lang='grc' dir='ltr'><strong><em>ηκειν</em></strong></span> <span class='ocrx_word' id='word_1_101' title='bbox 653 1476 691 1543; x_wconf 82' lang='grc' dir='ltr'><strong><em>ἐν</em></strong></span> <span class='ocrx_word' id='word_1_102' title='bbox 709 1470 887 1563; x_wconf 81' lang='grc' dir='ltr'><strong><em>ύποχρύση</em></strong></span> <span class='ocrx_word' id='word_1_103' title='bbox 907 1501 944 1543; x_wconf 85' lang='grc' dir='ltr'><strong><em>τε</em></strong></span> <span class='ocrx_word' id='word_1_104' title='bbox 964 1477 1024 1562; x_wconf 81' lang='grc' dir='ltr'><strong><em>γῆς</em></strong></span> <span class='ocrx_word' id='word_1_105' title='bbox 1046 1480 1139 1563; x_wconf 77' lang='grc' dir='ltr'><strong><em>μοίρᾳ</em></strong></span> <span class='ocrx_word' id='word_1_106' title='bbox 1162 1481 1164 1546; x_wconf 95' lang='grc' dir='ltr'>Ι</span> 
     </span>
     <span class='ocr_line' id='line_1_15' title="bbox 113 1570 1138 1703; baseline -0.006 -55"><span class='ocrx_word' id='word_1_107' title='bbox 113 1632 118 1648; x_wconf 92' lang='grc'><strong><em>.</em></strong></span> <span class='ocrx_word' id='word_1_108' title='bbox 184 1576 241 1645; x_wconf 76' lang='grc' dir='ltr'><strong><em>καί</em></strong></span> <span class='ocrx_word' id='word_1_109' title='bbox 261 1572 343 1700; x_wconf 83' lang='grc' dir='ltr'><strong><em>πρὸς</em></strong></span> <span class='ocrx_word' id='word_1_110' title='bbox 361 1582 478 1663; x_wconf 80' lang='grc' dir='ltr'><strong><em>φιλίαν</em></strong></span> <span class='ocrx_word' id='word_1_111' title='bbox 496 1580 564 1647; x_wconf 77' lang='grc' dir='ltr'><strong><em>τῶν</em></strong></span> <span class='ocrx_word' id='word_1_112' title='bbox 581 1577 821 1666; x_wconf 75' lang='grc' dir='ltr'><strong><em>δοθησομένων</em></strong></span> <span class='ocrx_word' id='word_1_113' title='bbox 832 1579 1049 1703; x_wconf 79' lang='grc' dir='ltr'><strong><em>μεθέξοντες,</em></strong></span> <span class='ocrx_word' id='word_1_114' title='bbox 1069 1570 1138 1645; x_wconf 82' lang='grc' dir='ltr'><strong><em>ἀλλ’</em></strong></span> 
     </span>
     <span class='ocr_line' id='line_1_16' title="bbox 67 1674 1138 1771; baseline -0.005 -22"><span class='ocrx_word' id='word_1_115' title='bbox 67 1674 69 1677; x_wconf 51' lang='grc'><strong>’</strong></span> <span class='ocrx_word' id='word_1_116' title='bbox 137 1686 169 1737; x_wconf 84' lang='lat'><strong><em>15</em></strong></span> <span class='ocrx_word' id='word_1_117' title='bbox 187 1674 228 1749; x_wconf 84' lang='lat'><strong><em>06</em></strong></span> <span class='ocrx_word' id='word_1_118' title='bbox 253 1707 316 1768; x_wconf 89' lang='grc' dir='ltr'><strong><em>την</em></strong></span> <span class='ocrx_word' id='word_1_119' title='bbox 342 1676 425 1767; x_wconf 82' lang='grc' dir='ltr'><strong><em>ἐμὴν</em></strong></span> <span class='ocrx_word' id='word_1_120' title='bbox 452 1678 691 1750; x_wconf 87' lang='grc' dir='ltr'><strong><em>δνναστείαν’</em></strong></span> <span class='ocrx_word' id='word_1_121' title='bbox 672 1680 936 1771; x_wconf 86' lang='grc' dir='ltr'><strong><em>αφαιρησομενοι</em></strong></span> <span class='ocrx_word' id='word_1_122' title='bbox 946 1704 1030 1769; x_wconf 91' lang='grc' dir='ltr'><strong><em>προς</em></strong></span> <span class='ocrx_word' id='word_1_123' title='bbox 1056 1685 1138 1768; x_wconf 84' lang='grc' dir='ltr'><strong><em>βίον.</em></strong></span> 
     </span>
     <span class='ocr_line' id='line_1_17' title="bbox 187 1775 1139 1879; baseline -0.004 -27.923"><span class='ocrx_word' id='word_1_124' title='bbox 187 1787 219 1851; x_wconf 83' lang='grc' dir='ltr'><strong><em>εί</em></strong></span> <span class='ocrx_word' id='word_1_125' title='bbox 235 1778 267 1849; x_wconf 90' lang='grc' dir='ltr'><strong><em>δ’</em></strong></span> <span class='ocrx_word' id='word_1_126' title='bbox 286 1775 532 1869; x_wconf 76' lang='grc' dir='ltr'><strong><em>ἐπαληθεύεται</em></strong></span> <span class='ocrx_word' id='word_1_127' title='bbox 549 1778 631 1871; x_wconf 76' lang='grc' dir='ltr'><strong><em>ὑμῖν</em></strong></span> <span class='ocrx_word' id='word_1_128' title='bbox 648 1778 702 1852; x_wconf 84' lang='grc' dir='ltr'><strong><em>ὅδ’</em></strong></span> <span class='ocrx_word' id='word_1_129' title='bbox 723 1778 853 1871; x_wconf 85' lang='grc' dir='ltr'><strong><em>όλύγος</em></strong></span> <span class='ocrx_word' id='word_1_130' title='bbox 870 1792 995 1879; x_wconf 86' lang='grc' dir='ltr'><strong><em>πίστεις</em></strong></span> <span class='ocrx_word' id='word_1_131' title='bbox 1015 1780 1139 1853; x_wconf 85' lang='grc' dir='ltr'><strong><em>τούτων</em></strong></span> 
     </span>
     <span class='ocr_line' id='line_1_18' title="bbox 186 1880 1139 1978; baseline 0 -24"><span class='ocrx_word' id='word_1_132' title='bbox 186 1880 268 1967; x_wconf 77' lang='grc' dir='ltr'><strong><em>ύξιῦ</em></strong></span> <span class='ocrx_word' id='word_1_133' title='bbox 282 1886 401 1956; x_wconf 86' lang='grc' dir='ltr'><strong><em>δοῦναι</em></strong></span> <span class='ocrx_word' id='word_1_134' title='bbox 415 1885 471 1955; x_wconf 83' lang='grc' dir='ltr'><strong><em>καὶ</em></strong></span> <span class='ocrx_word' id='word_1_135' title='bbox 483 1892 619 1974; x_wconf 75' lang='grc' dir='ltr'><strong><em>λαβεῖν,</em></strong></span> <span class='ocrx_word' id='word_1_136' title='bbox 637 1913 658 1955; x_wconf 92' lang='grc' dir='ltr'><strong><em>α</em></strong></span> <span class='ocrx_word' id='word_1_137' title='bbox 659 1886 895 1975; x_wconf 78' lang='grc' dir='ltr'><strong><em>ΐφυλῦξουσιυ</em></strong></span> <span class='ocrx_word' id='word_1_138' title='bbox 908 1882 988 1978; x_wconf 74' lang='grc' dir='ltr'><strong><em>ἡμίν</em></strong></span> <span class='ocrx_word' id='word_1_139' title='bbox 1001 1882 1139 1963; x_wconf 76' lang='grc' dir='ltr'><strong><em>ἀδόλους</em></strong></span> 
     </span>
     <span class='ocr_line' id='line_1_19' title="bbox 185 1981 442 2076; baseline 0 -20"><span class='ocrx_word' id='word_1_140' title='bbox 185 1985 244 2068; x_wconf 78' lang='grc' dir='ltr'><strong><em>τὰς</em></strong></span> <span class='ocrx_word' id='word_1_141' title='bbox 257 1981 442 2076; x_wconf 85' lang='grc' dir='ltr'><strong><em>ὁμολογίας.</em></strong></span> 
     </span>
     <span class='ocr_line' id='line_1_20' title="bbox 40 2089 1138 2188; baseline -0.002 -28"><span class='ocrx_word' id='word_1_142' title='bbox 40 2181 43 2188; x_wconf 25' lang='grc' dir='ltr'>Ι</span> <span class='ocrx_word' id='word_1_143' title='bbox 262 2089 457 2160; x_wconf 47' lang='grc' dir='ltr'><strong>ΙΝἨΠᾸ</strong></span> <span class='ocrx_word' id='word_1_144' title='bbox 410 2097 550 2162; x_wconf 79' lang='grc' dir='ltr'><strong><em>Αἰνείου</em></strong></span> <span class='ocrx_word' id='word_1_145' title='bbox 565 2034 903 2172; x_wconf 76' lang='grc' dir='ltr'><strong><em>δδέπαινέσαντοςτδι</em></strong></span> <span class='ocrx_word' id='word_1_146' title='bbox 915 2089 1138 2184; x_wconf 87' lang='grc' dir='ltr'><strong><em>λεγόμεναγί</em></strong></span> 
     </span>
     <span class='ocr_line' id='line_1_21' title="bbox 135 2191 1139 2286; baseline 0.006 -29"><span class='ocrx_word' id='word_1_147' title='bbox 135 2204 170 2258; x_wconf 79' lang='lat'><strong><em>20</em></strong></span> <span class='ocrx_word' id='word_1_148' title='bbox 186 2219 303 2274; x_wconf 85' lang='grc' dir='ltr'><strong><em>νονται</em></strong></span> <span class='ocrx_word' id='word_1_149' title='bbox 329 2198 499 2284; x_wconf 90' lang='grc' dir='ltr'><strong><em>συνθηκαι</em></strong></span> <span class='ocrx_word' id='word_1_150' title='bbox 526 2207 595 2275; x_wconf 76' lang='grc' dir='ltr'><strong><em>τοῖς</em></strong></span> <span class='ocrx_word' id='word_1_151' title='bbox 621 2200 760 2266; x_wconf 78' lang='grc' dir='ltr'><strong><em>ἔθνεσιν</em></strong></span> <span class='ocrx_word' id='word_1_152' title='bbox 781 2191 870 2283; x_wconf 77' lang='grc' dir='ltr'><strong><em>ἐφ’</em></strong></span> <span class='ocrx_word' id='word_1_153' title='bbox 854 2202 979 2286; x_wconf 88' lang='grc' dir='ltr'><strong><em>ορκίων</em></strong></span> <span class='ocrx_word' id='word_1_154' title='bbox 999 2198 1139 2265; x_wconf 85' lang='grc' dir='ltr'><strong><em>τοιαίδε</em></strong></span> 
     </span>
     <span class='ocr_line' id='line_1_22' title="bbox 180 2266 1164 2387; baseline 0 -21"><span class='ocrx_word' id='word_1_155' title='bbox 180 2291 390 2385; x_wconf 72' lang='grc' dir='ltr'><strong><em>Ἀβοριγῖνας</em></strong></span> <span class='ocrx_word' id='word_1_156' title='bbox 418 2298 480 2386; x_wconf 71' lang='grc' dir='ltr'><strong><em>μὲν</em></strong></span> <span class='ocrx_word' id='word_1_157' title='bbox 505 2298 616 2386; x_wconf 79' lang='grc' dir='ltr'><strong><em>Τρωσὶ</em></strong></span> <span class='ocrx_word' id='word_1_158' title='bbox 643 2302 764 2368; x_wconf 89' lang='grc' dir='ltr'><strong><em>δοῦναι</em></strong></span> <span class='ocrx_word' id='word_1_159' title='bbox 782 2297 895 2387; x_wconf 75' lang='grc' dir='ltr'><strong><em>χώραν</em></strong></span> <span class='ocrx_word' id='word_1_160' title='bbox 919 2294 1003 2386; x_wconf 81' lang='grc' dir='ltr'><strong><em>ὅσην</em></strong></span> <span class='ocrx_word' id='word_1_161' title='bbox 1027 2266 1164 2386; x_wconf 77' lang='grc' dir='ltr'><strong><em>ηξίουυ</em></strong></span> 
     </span>
     <span class='ocr_line' id='line_1_23' title="bbox 184 2395 1138 2490; baseline -0.001 -22"><span class='ocrx_word' id='word_1_162' title='bbox 184 2395 271 2488; x_wconf 78' lang='grc' dir='ltr'><strong><em>ἀμφὶ</em></strong></span> <span class='ocrx_word' id='word_1_163' title='bbox 290 2397 368 2481; x_wconf 87' lang='grc' dir='ltr'><strong><em>τούς</em></strong></span> <span class='ocrx_word' id='word_1_164' title='bbox 380 2399 623 2490; x_wconf 78' lang='grc' dir='ltr'><strong><em>τετταράκοντα</em></strong></span> <span class='ocrx_word' id='word_1_165' title='bbox 643 2407 799 2482; x_wconf 90' lang='grc' dir='ltr'><strong><em>σταδίους</em></strong></span> <span class='ocrx_word' id='word_1_166' title='bbox 811 2407 982 2489; x_wconf 76' lang='grc' dir='ltr'><strong><em>πανταχοῦ</em></strong></span> <span class='ocrx_word' id='word_1_167' title='bbox 1001 2425 1138 2490; x_wconf 83' lang='grc' dir='ltr'><strong><em>πορευο-</em></strong></span> 
     </span>
     <span class='ocr_line' id='line_1_24' title="bbox 184 2499 1139 2594; baseline -0.002 -23"><span class='ocrx_word' id='word_1_168' title='bbox 184 2503 298 2592; x_wconf 84' lang='grc' dir='ltr'><strong><em>μένοις</em></strong></span> <span class='ocrx_word' id='word_1_169' title='bbox 312 2501 376 2574; x_wconf 84' lang='grc' dir='ltr'><strong><em>ἆπὸ</em></strong></span> <span class='ocrx_word' id='word_1_170' title='bbox 396 2532 456 2574; x_wconf 90' lang='grc' dir='ltr'><strong><em>του</em></strong></span> <span class='ocrx_word' id='word_1_171' title='bbox 443 2503 594 2590; x_wconf 74' lang='grc' dir='ltr'><strong><em>λόφου</em></strong></span> <span class='ocrx_word' id='word_1_172' title='bbox 613 2508 729 2593; x_wconf 90' lang='grc' dir='ltr'><strong><em>Τρωας</em></strong></span> <span class='ocrx_word' id='word_1_173' title='bbox 742 2505 780 2574; x_wconf 94' lang='grc' dir='ltr'><strong><em>δ</em></strong></span> <span class='ocrx_word' id='word_1_174' title='bbox 789 2501 972 2594; x_wconf 79' lang='grc' dir='ltr'><strong><em>Ἀβοριγῑσι</em></strong></span> <span class='ocrx_word' id='word_1_175' title='bbox 985 2507 1045 2573; x_wconf 89' lang='grc' dir='ltr'><strong><em>τοῦ</em></strong></span> <span class='ocrx_word' id='word_1_176' title='bbox 1059 2531 1079 2573; x_wconf 87' lang='grc' dir='ltr'><strong><em>τ</em></strong></span> <span class='ocrx_word' id='word_1_177' title='bbox 1081 2499 1139 2570; x_wconf 89' lang='grc' dir='ltr'><strong><em>’έν</em></strong></span> 
     </span>
     <span class='ocr_line' id='line_1_25' title="bbox 185 2602 1137 2697; baseline -0.002 -24"><span class='ocrx_word' id='word_1_178' title='bbox 185 2605 279 2693; x_wconf 83' lang='grc' dir='ltr'><strong><em>χερσὶ</em></strong></span> <span class='ocrx_word' id='word_1_179' title='bbox 294 2609 441 2696; x_wconf 83' lang='grc' dir='ltr'><strong><em>πολέμου</em></strong></span> <span class='ocrx_word' id='word_1_180' title='bbox 461 2607 691 2697; x_wconf 76' lang='grc' dir='ltr'><strong><em>συλλαβέσθαι</em></strong></span> <span class='ocrx_word' id='word_1_181' title='bbox 704 2609 761 2677; x_wconf 80' lang='grc' dir='ltr'><strong><em>καλ</em></strong></span> <span class='ocrx_word' id='word_1_182' title='bbox 773 2604 860 2677; x_wconf 83' lang='grc' dir='ltr'><strong><em>ὅπου</em></strong></span> <span class='ocrx_word' id='word_1_183' title='bbox 874 2602 918 2679; x_wconf 79' lang='grc' dir='ltr'><strong><em>ῦν</em></strong></span> <span class='ocrx_word' id='word_1_184' title='bbox 937 2604 1022 2695; x_wconf 84' lang='grc' dir='ltr'><strong><em>ῦλλη</em></strong></span> <span class='ocrx_word' id='word_1_185' title='bbox 1035 2631 1137 2691; x_wconf 91' lang='grc' dir='ltr'><strong><em>παρα-</em></strong></span> 
     </span>
     <span class='ocr_line' id='line_1_26' title="bbox 134 2707 1138 2801; baseline 0.002 -26"><span class='ocrx_word' id='word_1_186' title='bbox 134 2721 167 2774; x_wconf 74' lang='lat'><strong><em>25</em></strong></span> <span class='ocrx_word' id='word_1_187' title='bbox 185 2711 352 2778; x_wconf 74' lang='grc' dir='ltr'><strong><em>καλοῦνται</em></strong></span> <span class='ocrx_word' id='word_1_188' title='bbox 361 2711 607 2800; x_wconf 87' lang='grc' dir='ltr'><strong><em>συστρατεύειν·</em></strong></span> <span class='ocrx_word' id='word_1_189' title='bbox 616 2715 716 2801; x_wconf 76' lang='grc' dir='ltr'><strong><em>κοινῇ</em></strong></span> <span class='ocrx_word' id='word_1_190' title='bbox 724 2711 762 2782; x_wconf 75' lang='grc' dir='ltr'><strong><em>δέ</em></strong></span> <span class='ocrx_word' id='word_1_191' title='bbox 768 2709 975 2801; x_wconf 75' lang='grc' dir='ltr'><strong><em>ἀμφοτέρους</em></strong></span> <span class='ocrx_word' id='word_1_192' title='bbox 983 2707 1138 2800; x_wconf 78' lang='grc' dir='ltr'><strong><em>τδκρύτι·</em></strong></span> 
     </span>
     <span class='ocr_line' id='line_1_27' title="bbox 185 2805 1137 2905; baseline 0.004 -27"><span class='ocrx_word' id='word_1_193' title='bbox 185 2829 246 2878; x_wconf 90' lang='grc' dir='ltr'><strong><em>στα</em></strong></span> <span class='ocrx_word' id='word_1_194' title='bbox 254 2805 339 2900; x_wconf 70' lang='grc' dir='ltr'><strong><em>ὑπὲρ</em></strong></span> <span class='ocrx_word' id='word_1_195' title='bbox 349 2810 502 2903; x_wconf 80' lang='grc' dir='ltr'><strong><em>ἀλλήλων</em></strong></span> <span class='ocrx_word' id='word_1_196' title='bbox 516 2814 675 2902; x_wconf 74' lang='grc' dir='ltr'><strong><em>πράττειν</em></strong></span> <span class='ocrx_word' id='word_1_197' title='bbox 687 2815 744 2885; x_wconf 83' lang='grc' dir='ltr'><strong><em>καὶ</em></strong></span> <span class='ocrx_word' id='word_1_198' title='bbox 753 2817 838 2905; x_wconf 82' lang='grc' dir='ltr'><strong><em>χειρὶ</em></strong></span> <span class='ocrx_word' id='word_1_199' title='bbox 850 2816 907 2885; x_wconf 81' lang='grc' dir='ltr'><strong><em>καί</em></strong></span> <span class='ocrx_word' id='word_1_200' title='bbox 920 2811 1046 2903; x_wconf 83' lang='grc' dir='ltr'><strong><em>γνύμη.</em></strong></span> <span class='ocrx_word' id='word_1_201' title='bbox 1060 2833 1137 2882; x_wconf 88' lang='grc' dir='ltr'><strong><em>σνν-</em></strong></span> 
     </span>
     <span class='ocr_line' id='line_1_28' title="bbox 183 2913 1138 3008; baseline 0.002 -26"><span class='ocrx_word' id='word_1_202' title='bbox 183 2913 321 3002; x_wconf 88' lang='grc' dir='ltr'><strong><em>θέμευοι</em></strong></span> <span class='ocrx_word' id='word_1_203' title='bbox 334 2917 483 2986; x_wconf 74' lang='grc' dir='ltr'><strong><em>δὲταῦτα</em></strong></span> <span class='ocrx_word' id='word_1_204' title='bbox 492 2919 547 2986; x_wconf 78' lang='grc' dir='ltr'><strong><em>καὶ</em></strong></span> <span class='ocrx_word' id='word_1_205' title='bbox 556 2917 686 2988; x_wconf 88' lang='grc' dir='ltr'><strong><em>τέκνων</em></strong></span> <span class='ocrx_word' id='word_1_206' title='bbox 699 2913 870 3008; x_wconf 84' lang='grc' dir='ltr'><strong><em>ὁμηρείαις</em></strong></span> <span class='ocrx_word' id='word_1_207' title='bbox 878 2913 937 2998; x_wconf 78' lang='grc' dir='ltr'><strong><em>τὰς</em></strong></span> <span class='ocrx_word' id='word_1_208' title='bbox 944 2923 1073 2997; x_wconf 84' lang='grc' dir='ltr'><strong><em>πίστεις</em></strong></span> <span class='ocrx_word' id='word_1_209' title='bbox 1083 2921 1138 3003; x_wconf 85' lang='grc' dir='ltr'><strong><em>βε·</em></strong></span> 
     </span>
     <span class='ocr_line' id='line_1_29' title="bbox 182 3013 1138 3111; baseline 0.002 -28"><span class='ocrx_word' id='word_1_210' title='bbox 182 3013 387 3104; x_wconf 83' lang='grc' dir='ltr'><strong><em>βαιύσαντες</em></strong></span> <span class='ocrx_word' id='word_1_211' title='bbox 412 3023 511 3110; x_wconf 76' lang='grc' dir='ltr'><strong><em>κοινῇ</em></strong></span> <span class='ocrx_word' id='word_1_212' title='bbox 529 3017 769 3108; x_wconf 82' lang='grc' dir='ltr'><strong><em>στρατεύουσιν</em></strong></span> <span class='ocrx_word' id='word_1_213' title='bbox 787 3022 849 3111; x_wconf 73' lang='grc' dir='ltr'><strong><em>έπὶι</em></strong></span> <span class='ocrx_word' id='word_1_214' title='bbox 863 3018 921 3102; x_wconf 78' lang='grc' dir='ltr'><strong><em>τὰς</em></strong></span> <span class='ocrx_word' id='word_1_215' title='bbox 939 3019 1053 3100; x_wconf 82' lang='grc' dir='ltr'><strong><em>πόλεις</em></strong></span> <span class='ocrx_word' id='word_1_216' title='bbox 1074 3019 1138 3086; x_wconf 70' lang='grc' dir='ltr'><strong><em>τοῖν</em></strong></span> 
     </span>
     <span class='ocr_line' id='line_1_30' title="bbox 177 3113 1136 3214; baseline 0.005 -28"><span class='ocrx_word' id='word_1_217' title='bbox 177 3113 348 3190; x_wconf 83' lang='grc' dir='ltr'><strong><em>Ῥοτόλων·</em></strong></span> <span class='ocrx_word' id='word_1_218' title='bbox 361 3119 405 3194; x_wconf 87' lang='grc' dir='ltr'><strong><em>δι’</em></strong></span> <span class='ocrx_word' id='word_1_219' title='bbox 415 3119 530 3210; x_wconf 85' lang='grc' dir='ltr'><strong><em>ὀλίγον</em></strong></span> <span class='ocrx_word' id='word_1_220' title='bbox 539 3123 575 3193; x_wconf 77' lang='grc' dir='ltr'><strong><em>δέ</em></strong></span> <span class='ocrx_word' id='word_1_221' title='bbox 585 3121 680 3193; x_wconf 74' lang='grc' dir='ltr'><strong><em>τάκεῖ</em></strong></span> <span class='ocrx_word' id='word_1_222' title='bbox 685 3122 794 3194; x_wconf 79' lang='grc' dir='ltr'><strong><em>πάντα</em></strong></span> <span class='ocrx_word' id='word_1_223' title='bbox 806 3123 1044 3214; x_wconf 79' lang='grc' dir='ltr'><strong><em>χειρωσάμενοι</em></strong></span> <span class='ocrx_word' id='word_1_224' title='bbox 1055 3147 1136 3209; x_wconf 89' lang='grc' dir='ltr'><strong><em>παρ·</em></strong></span> 
     </span>
     <span class='ocr_line' id='line_1_31' title="bbox 117 3221 1164 3352; baseline -0.002 -62"><span class='ocrx_word' id='word_1_225' title='bbox 117 3237 166 3290; x_wconf 79' lang='grc'><strong><em>’30</em></strong></span> <span class='ocrx_word' id='word_1_226' title='bbox 181 3241 267 3310; x_wconf 91' lang='grc' dir='ltr'><strong><em>ησαν</em></strong></span> <span class='ocrx_word' id='word_1_227' title='bbox 282 3223 390 3294; x_wconf 78' lang='grc' dir='ltr'><strong><em>ἐπὶ</em></strong></span> <span class='ocrx_word' id='word_1_228' title='bbox 356 3253 393 3296; x_wconf 87' lang='grc' dir='ltr'><strong><em>το</em></strong></span> <span class='ocrx_word' id='word_1_229' title='bbox 414 3225 559 3352; x_wconf 82' lang='grc' dir='ltr'><strong><em>πόλισμα</em></strong></span> <span class='ocrx_word' id='word_1_230' title='bbox 575 3225 613 3296; x_wconf 89' lang='grc' dir='ltr'><strong><em>τδ</em></strong></span> <span class='ocrx_word' id='word_1_231' title='bbox 630 3225 783 3316; x_wconf 84' lang='grc' dir='ltr'><strong><em>Τρωικόν</em></strong></span> <span class='ocrx_word' id='word_1_232' title='bbox 794 3221 1047 3319; x_wconf 86' lang='grc' dir='ltr'><strong><em>ημιτέλεστου</em></strong></span> <span class='ocrx_word' id='word_1_233' title='bbox 1027 3254 1067 3297; x_wconf 94' lang='grc' dir='ltr'><strong><em>ον</em></strong></span> <span class='ocrx_word' id='word_1_234' title='bbox 1085 3221 1164 3293; x_wconf 77' lang='grc' dir='ltr'><strong><em>καιι</em></strong></span> 
     </span>
     <span class='ocr_line' id='line_1_32' title="bbox 181 3323 1135 3452; baseline 0.001 -58"><span class='ocrx_word' id='word_1_235' title='bbox 181 3351 242 3416; x_wconf 83' lang='grc' dir='ltr'><strong><em>μιγ</em></strong></span> <span class='ocrx_word' id='word_1_236' title='bbox 269 3335 444 3422; x_wconf 82' lang='grc' dir='ltr'><strong><em>προθυμιηι</em></strong></span> <span class='ocrx_word' id='word_1_237' title='bbox 477 3328 599 3410; x_wconf 81' lang='grc' dir='ltr'><strong><em>πάντες</em></strong></span> <span class='ocrx_word' id='word_1_238' title='bbox 631 3328 796 3420; x_wconf 77' lang='grc' dir='ltr'><strong><em>χροόμενοι</em></strong></span> <span class='ocrx_word' id='word_1_239' title='bbox 821 3338 1020 3420; x_wconf 81' lang='grc' dir='ltr'><strong><em>τειχίζουσιν</em></strong></span> <span class='ocrx_word' id='word_1_240' title='bbox 1050 3323 1135 3452; x_wconf 80' lang='grc' dir='ltr'><strong><em>αύτβ.</em></strong></span> 
     </span>
     <span class='ocr_line' id='line_1_33' title="bbox 181 3421 1134 3526; baseline 0.018 -33"><span class='ocrx_word' id='word_1_241' title='bbox 181 3421 287 3514; x_wconf 80' lang='grc' dir='ltr'><strong><em>ὄνομα</em></strong></span> <span class='ocrx_word' id='word_1_242' title='bbox 303 3430 340 3500; x_wconf 74' lang='grc' dir='ltr'><strong><em>δὲ</em></strong></span> <span class='ocrx_word' id='word_1_243' title='bbox 359 3459 406 3526; x_wconf 77' lang='grc' dir='ltr'><strong><em>τρι</em></strong></span> <span class='ocrx_word' id='word_1_244' title='bbox 393 3437 575 3522; x_wconf 87' lang='grc' dir='ltr'><strong><em>κτίσματι</em></strong></span> <span class='ocrx_word' id='word_1_245' title='bbox 589 3438 727 3526; x_wconf 84' lang='grc' dir='ltr'><strong><em>Αίνείας</em></strong></span> <span class='ocrx_word' id='word_1_246' title='bbox 739 3440 870 3505; x_wconf 84' lang='grc' dir='ltr'><strong><em>τίθεται</em></strong></span> <span class='ocrx_word' id='word_1_247' title='bbox 880 3439 1082 3520; x_wconf 79' lang='grc' dir='ltr'><strong><em>Λαουίνιον,</em></strong></span> <span class='ocrx_word' id='word_1_248' title='bbox 1093 3425 1134 3510; x_wconf 71' lang='lat'><strong><em>6⁶</em></strong></span> 
     </span>
     <span class='ocr_line' id='line_1_34' title="bbox 331 3539 336 3570; baseline 0 0"><span class='ocrx_word' id='word_1_249' title='bbox 331 3539 336 3570; x_wconf 83' lang='grc' dir='ltr'><strong><em>ί</em></strong></span> 
     </span>
    </p>
   </div>
   <div class='ocr_carea' id='block_1_3' title="bbox 0 0 1200 3850">
    <p class='ocr_par' dir='ltr' id='par_1_3' title="bbox 0 0 1200 3850">
     <span class='ocr_line' id='line_1_35' title="bbox 0 0 1200 3850; baseline 0 0"><span class='ocrx_word' id='word_1_250' title='bbox 0 0 1200 3850; x_wconf 95' lang='lat' dir='ltr'><strong><em> </em></strong></span> 
     </span>
    </p>
   </div>
  </div>
 </body>
</html>
