2367 3850
445 108 680 170 -Γ-
782 95 819 182 “»
961 108 1024 173 εοε

132 267 242 340 LXHl.
272 263 367 348 Ἐνός
399 268 438 338 δδ
463 270 750 358 καταλειπομένου
772 273 836 338 τοῦ
863 275 1025 358 Σαβίνων

51 379 185 450 ἔθνους
206 369 391 440 ἀντιπάλου
405 366 585 461 Ῥωμαίοις
598 366 685 459 ὑπὲρ
698 377 756 461 τῆς
775 368 878 461 ἀρχῆς
896 371 1024 462 ἀνδρας

52 502 95 543 τε
108 472 256 562 μαχητάς
276 481 408 562 ἔχοντος
425 476 482 544 καὶ
495 474 609 563 χώραν
625 477 812 563 νεμομένου
826 473 955 564 πολλὴν
967 474 1024 545 καὶ

51 573 195 664 ἀγαθὴν
214 578 270 646 καὶ
290 582 347 666 τῆς
363 571 494 666 Ῥώμης
507 574 549 646 οά
564 577 679 665 πρόσω
697 578 856 665 κειμένην
862 609 874 665 3
895 575 1024 666 πολλὴν

51 683 157 765 ἔσχεν
177 675 195 749 ό
218 678 404 767 Ταρκύνιος
427 681 703 769 προθυμίανκαὶ
728 679 865 761 τούτους
890 676 1057 767 ὑπαγωε

51 784 183 868 γε’σθαι
210 783 266 850 καὶ
286 796 448 869 προεῖπεν
472 779 584 864 αὐτοῖς
612 780 672 851 τόν
696 780 844 870 πόλεμον
871 786 1023 871 ἐγκαλῶν

51 899 131 964 ταῖς
151 883 307 970 πόλεσιν,
327 883 379 954 ότι
399 883 478 965 τούς
490 880 740 974 ὑποσχομένους
758 894 943 974 Τυρρηνοῖς
961 881 1023 953 έάν

50 983 247 1072 ἀφίκωνται
275 985 420 1078 στρατόν
443 986 580 1076 άγοντες
606 993 654 1066 είς
680 984 743 1074 τῆν
770 987 884 1075 χώραν
909 983 1023 1056 αὐτόν

52 1091 201 1169 ἐκείνοις
214 1089 276 1178 μὲν
290 1098 408 1177 φίλας,
419 1087 597 1178 Ῥωμαίοις
613 1085 643 1157 δ’
661 1087 784 1178 έχθράς
798 1088 951 1177 ποιήσειν
964 1086 1023 1168 τάς

51 1193 223 1290 σφετέρας
244 1198 408 1280 πατρίδας
432 1183 496 1260 οὐκ
518 1191 698 1280 ἐβούλοντο
718 1195 888 1261 ἐκδοῦναι.
928 1195 964 1260 οί
985 1190 1022 1259 δὲ
1040 1205 1073 1258 10

52 1291 201 1380 άσμενοί
219 1321 254 1362 τε
275 1290 495 1382 ὑποδέχονται
516 1294 576 1362 τόν
600 1292 748 1380 πόλεμον
766 1291 830 1363 οὐκ
851 1291 1022 1376 ἀξιοῦντες

52 1393 137 1474 τούς
166 1395 420 1475 δυνατωτάτους
450 1401 520 1464 τῶν
545 1393 658 1467 ἀστῶν
683 1392 933 1484 ἀφαιρεθῆναι,
966 1395 1022 1465 καλ

53 1499 142 1584 πρὶν
162 1493 344 1584 ἀφικέσθαι
367 1493 546 1584 Ῥωμαίων
569 1496 716 1586 δύναμιν
736 1500 791 1566 ἐπὶ
817 1504 904 1586 σφᾶς
925 1495 1023 1566 αὐτοὶ

6 1609 34 1658 λ2
54 1596 203 1686 στρατόν
229 1598 406 1686 ἐξάγουσιν
431 1603 486 1670 ἐπὶ
511 1599 573 1688 τῆν
601 1604 750 1670 ἐκείνων.
798 1598 957 1688 βασιλεὺς
984 1598 1022 1668 δέ

59 1701 249 1792 Ταρκύνιος
269 1697 314 1781 ὡς
332 1699 456 1790 ῆκουσε
484 1701 726 1790 διαβεβηκότας
750 1701 828 1784 τούς
851 1710 1022 1792 Σαβίνους
1040 1718 1072 1773 15

52 1803 187 1892 Ἀνίητα
202 1802 353 1892 ποταμόν
365 1808 421 1874 καὶ
435 1804 684 1893 λεηλατούμενα
697 1798 758 1872 ὑπ’
769 1802 930 1875 αότοόντά
944 1806 1023 1894 περὶ

55 1905 121 1997 τῆν
138 1905 353 1997 παρεμβολὴν
367 1906 509 1992 ἅπαντα,
524 1902 706 1996 ἀναλαβοόν
718 1904 781 1994 τῆν
793 1904 1022 1998 εὐζωνοτάτην

50 2007 233 2098 Ῥωμαίων
248 2010 387 2099 νεότητα
399 2007 444 2091 ὡς
458 2009 525 2097 εἶχε
534 2009 656 2098 τάχους
669 2014 786 2098 ἐξῆγεν
799 2010 938 2091 έπδτοός
952 2017 1020 2079 διε-

54 2115 271 2203 σπαρμένους
291 2115 344 2183 έπὶ
366 2111 424 2193 τάς
443 2111 623 2202 προνομάς.
662 2108 863 2206 ἀποκτείνας
883 2115 921 2182 δὲ
939 2122 1020 2181 πολ-

55 2209 138 2295 λοὺς
165 2212 276 2284 αὐτῶν
302 2216 357 2285 καὶ
384 2215 445 2305 τῆν
473 2221 569 2285 λείαν
597 2211 682 2303 όσην
704 2205 788 2304 ῆγον
816 2211 1023 2302 ἀφελόμενος
1038 2234 1073 2288 2⁰

55 2316 158 2407 ἐγγὺς
178 2323 242 2406 τῆς
257 2322 399 2389 ἐκείνων
422 2321 634 2407 παρεμβολῆς
654 2325 786 2387 τίθεται
813 2316 872 2386 τόν
894 2316 1023 2406 χάρακα

55 2422 114 2489 καὶ
134 2418 300 2490 διαλιπών
327 2419 439 2508 ὀλίγας
462 2419 555 2501 τινάς
576 2416 721 2509 ἡμέρας,
744 2424 807 2499 ἕως
826 2418 848 2509 ῆ
870 2448 906 2489 τε
924 2416 1024 2508 λοιπῆ

57 2522 203 2611 δύναμις
230 2525 267 2591 έκ
287 2528 345 2611 τῆς
371 2523 498 2604 πόλεως
520 2522 604 2611 πρὸς
625 2519 731 2592 αὐτόν
753 2520 893 2609 ἀφίκετο
913 2523 970 2590 καὶ
988 2526 1028 2591 αί

56 2624 149 2713 παρά
172 2629 241 2694 τεόν
258 2624 443 2715 συμμάχων
462 2628 654 2713 ἐπικουρίαι
670 2624 907 2714 συνήχθησαν,
925 2625 1021 2695 κατέ-

57 2738 180 2818 βαινεν
194 2733 241 2805 είς
254 2726 292 2797 τό
305 2734 423 2798 πεδίον
439 2723 483 2807 ὡς
496 2728 736 2818 μαχησόμενος.
1039 2738 1073 2791 νο
1094 2764 1097 2768 >

134 2828 262 2899 LXIIII.
283 2827 420 2911 Ἰδόντες
447 2832 484 2900 δὲ
511 2828 591 2910 τοός
613 2826 802 2918 Ῥωμαίους
823 2833 858 2898 όί
878 2836 1024 2916 Σαβῖνοι

55 2930 243 3020 προθύμως
257 2935 312 3002 ἐπὶ
331 2932 390 3003 τὸν
404 2930 519 3020 ἀγῶνα
537 2937 729 3021 χωροῦντας
748 2937 866 3020 ἐξῆγον
884 2933 940 2999 καί
961 2925 1022 2997 αό·

55 3036 109 3105 τοὶ
129 3033 187 3114 τὰς
209 3034 368 3123 δυνάμεις
388 3032 465 3105 οὔτε
481 3034 606 3124 πλῆθει
623 3035 814 3124 λειπόμενοι
835 3037 904 3101 τόν
923 3039 1022 3100 πολε,-

55 3144 147 3225 μίων
168 3134 246 3207 οὔτε
265 3135 367 3228 ἀρετῇ
393 3138 450 3206 καί
477 3136 705 3225 συμπεσόντες
726 3135 886 3225 ἐμάχοντο
910 3138 1023 3205 πᾶσαν

55 3238 339 3329 ἀποδεικνύμενοι
361 3240 505 3329 τόλμαν,
532 3244 597 3321 ἕως
615 3231 661 3329 ῆν
682 3237 797 3318 αὐτοῖς
814 3232 863 3316 εἷς
883 3234 984 3323 μόνος
1004 3232 1022 3303 ό
1039 3254 1074 3309 30

57 3340 142 3432 πρός
161 3341 239 3423 τοὺς
258 3340 556 3432 ἀντιτεταγμένους
576 3338 680 3431 ἀγόν.
723 3348 837 3411 ἔπειτα
857 3336 1024 3429 μαθόντες

58 3444 196 3517 ἐπιόντα
209 3454 305 3533 σφίσι
323 3444 407 3516 κατά
422 3444 533 3517 νότου
553 3441 698 3536 στρατόν
716 3449 888 3535 πολεμίων
908 3444 1025 3533 ἕτερον
