2367 3850
174 54 214 117 εε
538 13 848 113 -ὲΑ-“

174 216 266 305 λέγει
281 211 343 304 τήν
356 212 455 286 πόλιν
469 210 536 285 ὑπὸ
555 220 624 311 τῶν
638 216 673 297 έξ
689 211 788 285 Ἰλίου
809 214 1052 285 διασωθέντων
1070 211 1128 283 σόν

172 324 312 410 Αἰνείᾳ,
327 315 477 407 οίκιστήν
491 318 528 387 δέ
542 315 644 407 αότής
657 314 839 407 ἀποφαίνει
850 314 911 387 τόν
925 313 1130 407 ήγησῶμενον

176 426 234 511 τής
251 418 406 501 ἀποικίας
427 416 570 511 Ῥῶμον,
583 428 716 491 Ιτοῶτον
737 418 771 491 δ’
794 422 881 492 εἶναι
906 426 975 491 τῶν
994 426 1130 491 Αἰνείου

176 530 310 595 παίδων
324 528 399 616 ἕνα·
413 525 570 613 τέτταρας
583 530 623 596 δέ
634 547 739 614 φησιν
752 531 873 617 Αίνείφ
885 528 1049 613 γενέσθαι
1061 542 1131 595 παλ-

142 645 159 697 δ
177 636 254 715 δας,
265 624 456 713 Ἀσκάνιον,
476 621 732 717 Εόρυλέοντα,’
728 596 907 719 Ρωμόλόν,
917 623 1055 716 Ῥῶμον.
1092 638 1131 698 εἴ

178 759 274 834 ρηται
303 730 340 803 δὲ
357 733 414 801 καί
432 724 618 824 Δημαγόρᾳ
641 734 698 802 καί
722 730 918 823 Ἀγαθόλλφ
944 734 1000 857 κμί
1025 728 1134 809 ἀλλοις

164 848 312 929 συχνοίς
338 830 358 961 β
384 861 420 905 τε
440 833 557 957 χρόνος
583 832 679 905 καὶ
663 863 681 905 ο
700 864 757 924 της
781 832 936 915 ἀποικίας
957 861 1096 924 ηγεμων
1117 861 1133 903 ο

60 1000 66 1005 „
179 935 288 1017 αὐτός.
326 933 349 1006 5
375 935 467 1009 δέ
431 965 489 1017 τας
513 936 692 1026 ἱερείας
654 967 713 1018 τας
734 936 798 1008 ἐν’
792 949 898 1026 Αργει
916 936 1031 1007 καί
992 966 1037 1006 τα
1055 932 1131 1007 καθ’

178 1040 320 1128 ἑκάστην
349 1042 541 1129 πραχθέντα
568 1040 769 1129 συναγαγῶν
793 1051 826 1111 A
827 1048 937 1111 ίνείαν
966 1041 1076 1129 φησίν
1102 1042 1134 1109 έκ

128 1164 161 1224 10
178 1150 363 1215 Μολοττῶν
390 1150 437 1225 είς
459 1140 602 1213 Ἰταλίαν
624 1143 767 1214 ἐλθόντα
782 1142 861 1234 μετ’
879 1141 1069 1269 Ὀδυσσέως
1092 1150 1134 1212 οί-

178 1247 295 1337 ναστὴν
307 1251 467 1368 γενέσθαι
488 1251 546 1335 τῆς
560 1245 744 1335 πόλεως,’
727 1247 888 1337 ονομάσαι
902 1245 935 1316 δ’
950 1243 1062 1336 αὐτήν
1076 1242 1135 1315 ἀπό

178 1355 255 1441 μιῶς
275 1355 342 1419 τῶν
354 1347 503 1419 Ἰλιάδων
512 1346 644 1440 “.Ρω’μης
677 1350 802 1439 ταύτην
819 1347 856 1422 δέ
876 1353 966 1438 λέγει
985 1366 1063 1430 ταῖς
1083 1347 1134 1418 5).-
1162 1369 1164 1464 η

179 1462 252 1533 λαις
286 1453 419 1540 Τρωάσι
446 1456 787 1543 παρακελευσαμένην
809 1459 907 1543 κοινή
932 1450 1004 1542 μετ’
1027 1450 1136 1523 αὐτῶν
1162 1475 1165 1554 η

179 1555 394 1646 ἐμπρῆσαι
356 1584 397 1625 τα
411 1556 523 1645 σκάφη
537 1559 771 1647 βαρυνομένην
784 1584 825 1645 τη
810 1557 959 1646 πλάνη.
984 1550 1139 1644 όμολογεί
1164 1581 1165 1650 η

129 1657 212 1733 λεδ
229 1658 571 1758 αότῶκαὶΛαμασεής
585 1656 924 1747 ὁΣιγεύςκαὶάλλοι
930 1658 1029 1739 τινές
1055 1656 1136 1742 Ἀρι-
1165 1687 1166 1760 η

179 1766 332 1850 στοτέλης
354 1759 426 1833 δὲ’
411 1790 428 1831 ο
450 1763 635 1850 φιλόσοφος
651 1761 792 1851 Ἀχαιῶν
810 1790 904 1843 τινας
925 1767 1056 1847 ίστορελ
1074 1749 1168 1858 τῶνή

143 1863 246 1946 ἀπὸ
272 1872 390 1953 Τροίας
409 1863 708 1954 ἀνακομισαμένων
727 1848 965 1956 περιπλέοντας
982 1867 1168 1950 Μαλέαν

180 1978 293 2042 ἔπειτα
313 1973 450 2056 χειμῶνι
470 1975 570 2060 βιαίφ
593 1972 925 2060 καταληφθέντας’
887 1997 969 2050 τεως
989 1997 1055 2058 μεν
1075 1966 1137 2037 ὑπὸ

180 2077 248 2142 τῶν
274 2072 475 2164 πνευμάτων
495 2075 701 2161 φερομένους
721 2079 872 2162 πολλαχῆ
891 2078 952 2142 τοῦ
973 2070 1138 2159 πελάγους

129 2197 163 2251 20
180 2180 390 2260 πλανᾶσθαι,
423 2181 648 2257 τελευτῶντας
677 2173 712 2246 δ’
734 2180 851 2246 έλθεῑν
876 2181 923 2255 είς
950 2172 1010 2244 τόν
1037 2174 1140 2245 τόπον

180 2283 300 2348 τοῦτον
328 2283 386 2368 τῆς
409 2276 559 2368 Ὀπικῆς,
588 2275 625 2360 ὃς
651 2288 800 2352 καλεῖται
825 2287 985 2350 Λατίνιον
1012 2279 1071 2347 έπὶ
1096 2281 1139 2369 τῷ

185 2385 385 2474 Τυρρηνικῷ
399 2381 536 2470 πελάγει
560 2389 722 2470 κείμενος.
760 2378 923 2469 ἀσμένους
946 2380 983 2451 δέ
997 2379 1062 2467 τήν
1078 2383 1139 2468 γῆν

54 2483 56 2490 ⁴
180 2485 315 2578 ίδόντας
335 2482 521 2556 ἀνελκῦσαί
537 2512 573 2556 τε
586 2482 645 2566 τάς
657 2489 740 2565 ναός
754 2482 876 2554 αὐτόθι
889 2487 946 2554 καί
966 2490 1138 2572 διατρῖψαι

127 2631 132 2662 ι
180 2587 243 2674 τήν
262 2588 454 2676 χειμερινήν
475 2586 567 2674 ῶραν
587 2590 940 2677 παρασκευαζομένους
960 2594 1059 2673 ἔαρος
1080 2582 1136 2672 άρ-

129 2715 163 2767 25
180 2690 323 2780 χομένον
341 2699 448 2762 πλεῖν.
487 2695 746 2780 ἐμπρησθεισῶν
767 2692 804 2760 δὲ
820 2688 934 2770 αὐτοῖς
950 2687 1017 2758 ὑπό
1032 2689 1138 2758 νύκτα

179 2795 249 2861 τῶν
261 2797 350 2860 νεῶν
368 2790 431 2863 οὐκ
445 2799 579 2881 ἔχοντας
592 2791 684 2874 ὅπως
697 2793 890 2882 ποιήσονται
903 2790 966 2882 τήν
979 2789 1136 2879 ἀπαρσιν,

179 2891 354 2986 ἀβουλήτῳ
368 2893 496 2984 ἀνάγκη
509 2895 587 2976 τοὺς
601 2904 697 2985 βίους
712 2899 749 2966 έν
763 2887 790 2990 ᾦ
802 2895 1017 2993 κατήχθησαν
1028 2902 1138 2986 χωρίφ

124 3037 128 3044 ‚
179 2993 395 3085 ίδρόσασθαι.
424 2999 592 3088 συμβήναι
614 2999 652 3068 δέ
665 2995 778 3080 αὐτοῖς
792 3003 892 3068 τοῦτο
907 2997 963 3069 διὰ
976 3013 1138 3087 γυναῖκας

178 3099 423 3190 αίχμαλῶτονς,
437 3097 476 3182 ἀς
490 3108 609 3189 ἔτυχον
622 3099 768 3190 ἄγοντες.
779 3105 812 3185 ἐξ
823 3099 932 3172 Ἰλίου.
966 3101 1088 3181 ταότας
1101 3100 1138 3169 δδ

126 3220 161 3274 80
178 3209 385 3275 κατακαῦσαι
414 3202 454 3273 τό
481 3212 580 3274 πλοῖα
606 3206 820 3294 φοβουμένας
845 3203 908 3294 τήν
930 3210 1045 3275 οίκαδε
1071 3207 1138 3273 τῶν

124 3327 128 3335 ’
171 3301 314 3395 Ἀχαιῶν
326 3306 490 3396 ἄπαρσιν,
512 3302 556 3388 ῶς
570 3312 618 3386 είς
632 3313 791 3377 δουλείαν
803 3305 1016 3397 ἀφιξομένας.
1046 3314 1135 3375 Καλ-

175 3415 248 3487 λίας
262 3407 331 3480 δὲό
353 3409 411 3492 τὰς
428 3408 672 3499 Ἀγαθοκλέους
694 3409 829 3502 πράξεις
848 3409 1047 3500 ἀναγράψας
1060 3405 1134 3478 Ῥῶ·
1151 3414 1169 3466 1¹
