2367 3850
103 50 205 151 ⁶92
533 80 761 146 -λ-

167 352 319 441 πρώτους
333 347 584 433 ὑπατεύσαντας
598 356 636 421 ἐν
646 348 751 441 Ῥύμῃ
764 348 847 439 μετά
861 348 925 439 τὴν
941 349 1124 421 κατάλυσιν
1140 360 1155 410 1

166 462 235 526 νύν
255 458 422 544 βασιλέων
443 464 498 544 ἔτη
514 463 732 543 περιείληφεν
746 466 852 524 είκοσι
866 450 949 541 πρός
962 470 1034 533 τοῖς
1050 456 1123 524 ἕκα-

166 558 234 629 τόν.
261 564 419 647 δηλοῦται
433 558 471 629 δὲ
485 558 645 642 ἐξόλλων
655 586 691 634 τε
703 563 839 628 πολλῶν
852 559 909 626 καὶ
921 562 990 626 των
1002 566 1125 627 καλου-
1172 619 1173 664 χ

132 664 278 751 εμόνων
297 667 478 750 τιμητικῶν
495 647 762 751 ὑπόμνημάτων,
788 658 812 730 ά
839 662 1029 748 διαδέχεται
1048 674 1127 739 παῖς
1153 667 1157 690 ¹

167 763 257 855 παρὰ
272 763 397 854 πατρὸς
410 768 466 835 καὶ
480 768 555 855 περί
570 771 697 836 πολλοῦ
711 780 855 835 ποιεῖται
872 779 941 843 τοῖς
954 760 1035 852 μεθ’
1047 765 1125 833 ἑαυ-
1172 781 1173 852 λ

166 866 226 939 τόν
239 870 406 956 ἐσομένοις
420 865 531 953 ὥσπερ
547 867 620 960 ίερό
633 869 771 962 πατρῷα
786 865 1029 955 παραδιδόναι·
1043 874 1126 935 πολ·

167 972 221 1041 λοί
250 968 283 1041 δ’
299 973 384 1040 είσὶν
403 969 469 1042 άπδ
490 978 559 1042 τῶν
577 976 759 1062 τιμητικῶν
779 982 883 1040 οίκων
910 966 1034 1057 ἄνδρες
1052 973 1125 1039 ἐπι-

167 1080 333 1163 φανεῖςοί
352 1072 689 1171 διαφυλάττοντες’
646 1075 747 1146 αυτά·
769 1071 860 1145 ἐν
824 1068 1034 1162 οιςεὺρίσκω
1048 1076 1127 1141 δεν·
1172 1155 1173 1162 ¹

117 1196 151 1250 10
166 1184 251 1272 τέρω
273 1176 436 1274 πρότερον
459 1188 525 1250 ἔτει
551 1184 610 1268 της
636 1175 790 1264 ἁλύσεως
811 1172 989 1309 τίμησιν
970 1172 1039 1245 υπό
1066 1180 1130 1243 τού

162 1278 330 1371 Ῥωμαίων
349 1281 456 1370 δήμου
469 1273 714 1373 γενομένην,
691 1310 713 1371 η
727 1284 1004 1371 παραγεγραπται
1016 1277 1128 1349 καθά·
1172 1265 1174 1392 λ

135 1384 300 1473 περκαὶ
314 1401 385 1464 ταῖς
399 1382 514 1467 ἄλλαις
528 1384 645 1476 χρόνος
658 1377 771 1465 οὗτος
786 1380 1024 1462 ὑπατεύοντος
1037 1388 1129 1451 Δεν-
1172 1397 1173 1468 ζ

166 252 318 340 Βρούτον
349 250 406 318 καλ
427 246 575 319 Λεύκιον
600 247 789 336 Ταρκύνιον
815 248 1027 320 Κολλατῖνον
1050 244 1125 327 τούς
1157 267 1174 478 χ

167 1495 243 1558 κίου
258 1486 446 1579 Οὐαλερίου
458 1498 605 1561 Ποτίτου
618 1491 674 1559 καλ
691 1496 790 1558 Τίτον
805 1496 961 1557 Μαλλίου
968 1493 1130 1555 Καπιτω-
1172 1505 1173 1558 λ

167 1598 263 1661 λίνου
286 1589 367 1680 μετά
389 1620 451 1681 την
473 1589 616 1683 ἐκβολὴν
640 1597 709 1661 των
728 1593 932 1681 βασιλέων
914 1588 988 1669 ενδς
1015 1591 1131 1659 δέοντι

117 1710 149 1765 15
168 1722 183 1765 ε
185 1702 304 1765 κοστω
291 1696 400 1763 καί
384 1717 546 1767 εκατοστω
534 1692 639 1765 ἔτει
648 1694 735 1765 ὥστε
747 1690 982 1783 τηνΚελτικην
989 1698 1131 1781 ἔφοδον

166 1826 254 1891 ην
223 1826 269 1867 τω
255 1766 424 1889 δευτέρῳ
438 1798 520 1886 μετά
532 1827 594 1887 την
606 1806 741 1889 τίμησιν
754 1806 820 1869 ἔτει
833 1800 1019 1929 γενομένην
1033 1790 1173 1892 εὑρί·

167 1922 301 1988 σκομεν,
315 1903 685 2028 ἐκπεπληρωμένων
638 1931 708 1972 των
721 1911 826 1973 είκοσι
839 1902 897 1971 καὶ
911 1897 1030 1972 ἑκατόν
1042 1902 1133 1969 ἐτων

167 2004 338 2093 γενέσθαι.
369 2011 400 2074 εἰ
420 2006 454 2076 δε
470 2011 568 2076 τούτο
584 2034 621 2075 το
610 2005 800 2094 διάστημα
819 2010 879 2074 τοῦ
894 2004 1018 2093 χρόνον
1033 2000 1173 2090 τριά-

167 2135 269 2178 κοντα
282 2103 501 2196 ὀλυμπιάδων
512 2105 701 2197 εὑρίσκεται
709 2108 902 2198 γενόμενον,
911 2105 1041 2195 ἀνάγκη
1049 2104 1134 2186 τούς

117 2225 151 2279 κο
167 2209 319 2299 πρώτους
332 2208 593 2300 ἀποδειχθέντας
610 2209 759 2292 ὑπάτους
774 2207 949 2301 ὁμολογεῖν
968 2207 1134 2298 ἄρχοντος

40 2409 43 2416 ‚
164 2309 347 2403 Ἀθήνησιν
368 2313 539 2404 Ἰσαγόρου
563 2318 806 2403 παρειληφέναι
831 2313 893 2403 τὴν
912 2310 1018 2402 ἀρχὴν
1043 2310 1132 2382 κατά
1151 2321 1174 2377 λλ

58 2444 59 2447 ’
104 2413 107 2420 ’
168 2415 204 2486 τό
220 2423 352 2503 πρῶτον
366 2425 436 2498 ἔτος
449 2425 505 2509 τῆς
519 2416 639 2506 ὀγδόης
651 2419 708 2487 καὶ
723 2421 896 2507 ἑξηκοστῆς
909 2413 1132 2505 ὀλυμπιάδος.

245 2519 381 2590 LXXV.
397 2524 464 2591 Καὶ
473 2519 540 2610 μὴν
548 2521 614 2592 άπό
622 2550 661 2610 γε
668 2527 726 2610 τῆς
736 2525 874 2609 ἐκβολῆς
881 2525 951 2588 των
959 2520 1133 2608 βασιλέων

82 2647 85 2654 ’
169 2625 223 2692 ἐπὶ
236 2622 294 2693 τόν
309 2629 442 2712 πρώτον
460 2623 607 2712 άρξαντα
620 2630 677 2714 τῆς
690 2624 818 2705 πόλεως
826 2620 994 2712 Ῥωμύλον
1006 2618 1131 2709 όναβι-

118 2745 151 2798 ῖῖ
168 2728 308 2815 βασδεὶς
324 2724 341 2794 ὁ
355 2727 471 2814 χρόνος
486 2735 542 2818 ἔτη
556 2731 695 2816 τέτταρα
709 2726 792 2815 πρός
809 2726 1051 2814 τετταράκοντα
1071 2727 1133 2794 καλ

170 2833 351 2908 διακοσίοις
365 2827 528 2900 ἀποτελεῖ.
548 2840 744 2921 γνωρίζεται
758 2830 794 2900 δὲ
810 2835 908 2898 τούτο
923 2818 995 2908 ταῖς
1009 2831 1130 2898 διαδο-

168 2947 240 3018 χαις
249 2959 318 3000 των
325 2935 491 3019 βασιλεων
501 2937 632 3016 καὶτοῖς
640 2943 784 3019 ἔτεσιν,
766 2930 955 3014 ἷςεκαστοι
965 2931 1132 3018 κατέσχον
1172 2952 1173 2981 ³

168 3063 230 3122 την
242 3031 361 3158 ἀρχήν.
370 3032 534 3136 Ῥωμύλος
546 3027 660 3124 μὲν
622 3065 686 3141 γαρ
699 3034 717 3105 ὁ
731 3046 845 3116 κτίσας
857 3035 918 3123 τὴν
931 3033 1032 3104 πόλιν
1044 3034 1133 3104 ἑπτά

168 3140 224 3206 καὶ
235 3135 412 3225 τριάκοντα
427 3147 482 3227 ἔτη
496 3142 625 3226 λέγεται
639 3155 817 3229 κατασχεῖν
829 3137 892 3225 τὴν
906 3142 1130 3206 δυναστείαν·

118 3259 152 3329 30
168 3267 250 3330 μετα
237 3238 361 3310 δλ
328 3269 387 3312 τον
397 3238 567 3330 Ρωμύλου
585 3242 737 3315 θάνατον
760 3241 977 3341 ἀβασίλευτος
997 3235 1132 3328 ηπόλις

169 3345 328 3429 γενέσθαι
343 3341 466 3435 χρόνον
482 3344 662 3416 ἐνιαύσιον.
689 3352 803 3416 ἔπειτα
816 3349 933 3435 Νομας
940 3348 1131 3431 Πομπίλιος

170 3447 316 3534 αἱρεθείς
336 3444 403 3517 ὑπὸ
423 3453 484 3518 τού
507 3447 616 3540 δῆμον
635 3455 711 3539 τρία
730 3450 787 3518 καὶ
807 3446 1050 3536 τετταράκοντα
1070 3449 1130 3533 ἔτη
