2367 3850
404 142 634 240 -ε-
948 152 989 215 ιο

46 307 131 390 όντος
157 310 216 377 τού
240 310 479 398 φθεγγομένου
500 322 703 398 προσπεσεῖν
722 310 907 383 κελεύουσα
930 315 989 402 μέ-

45 440 110 482 νειν
122 439 157 482 τε
177 408 299 481 αὐτόθι
319 413 375 481 καὶ
389 420 582 497 πολιζεσθαι
596 412 653 483 διδ
665 416 793 503 ταχέων
805 418 861 485 καί
879 415 924 505 μὴ
942 420 991 511 τῷ

44 512 149 611 άπόρρι
166 520 222 604 τῆς
231 511 401 605 παρούσης
415 516 511 605 δόξης
524 518 765 607 ἐπιτρέψαντα,
779 525 812 589 εί
823 515 869 609 μῆ
881 522 919 589 ἐν
932 516 989 589 εύ·

43 618 121 713 βότφ
141 622 186 709 γῆ
205 616 263 688 τὸν
279 624 357 708 βίον
377 618 568 709 ἱδρύσεται,
588 617 651 711 τῆν
670 620 859 709 μέλλουσάν
876 649 914 693 τε
932 623 990 694 καί

41 719 112 793 ὅσον
123 718 218 792 ούπω
232 726 405 811 παροῦσαν
418 719 575 811 εὐτυχίαν
588 718 799 794 άπάσασθαι.
826 724 912 796 εἶναι
925 722 1024 816 γδρε
1088 769 1092 778 ·
1153 757 1154 762 ¹

43 823 124 920 αὐτῷ
138 827 359 914 πεπρωμένον
380 828 418 897 έκ
436 826 558 916 ταύτης
575 821 770 916 ὁρμώμενον
783 831 841 918 τῆς
860 833 991 919 λυπρᾶς

23 930 91 999 sual
108 924 223 1018 όλίγης
235 926 272 999 τό
293 934 428 1018 πρῶτον
448 928 609 1019 οἰκήσεως
630 928 758 1019 πολλὴν
777 934 835 1001 καί
853 928 990 1021 άγαθῆν

42 1030 276 1122 ἐπικτήσασθαι
289 1039 354 1122 γῆν
366 1030 431 1103 σύν
447 1032 573 1127 χρόνῳ·
587 1034 682 1104 παισὶ
696 1034 734 1103 δὲ
745 1030 851 1104 αύτού
863 1036 919 1105 καί
933 1038 989 1122 ἐγ-

41 1134 144 1223 γόνοις
169 1141 332 1220 [ἔσεσθαι]
358 1132 465 1225 άρχῆν
493 1140 655 1226 μεγίστην
679 1137 736 1206 καλ
757 1140 812 1208 έκλ
833 1147 991 1209 πλεῖστον

40 1238 154 1329 χρόνον
170 1240 514 1328 ἐκμηκυνθησομένην
527 1236 682 1330 ὑπάρξαι.
716 1238 841 1331 ταύτην
853 1230 991 1330 fan-obv
1008 1262 1042 1315 ιι)

41 1345 72 1411 ἐν
90 1348 135 1435 τῷ
154 1342 296 1433 παρόντι
317 1340 515 1431 καταγωγὴν
528 1350 666 1413 ἔσεσθαι
678 1357 748 1424 τοῖς
764 1350 889 1434 Τρωσί·
908 1341 992 1432 μετά

42 1445 72 1515 δέ
89 1446 269 1527 τοσούτους
290 1443 465 1526 ἐνιαυτούς
480 1442 579 1527 ὅσους
598 1442 642 1517 ἄν
660 1442 683 1535 ῆ
702 1436 743 1528 ύς
761 1450 840 1537 τέκη
858 1454 992 1538 χοίρους

41 1552 276 1639 κτισθήσεσθαι
286 1546 369 1638 πρὸς
377 1554 445 1619 τῶν
455 1552 491 1633 ἐξ
503 1552 635 1619 ἐκείνου
646 1552 880 1639 γενησομένων
892 1549 992 1621 πόλιν

41 1653 148 1743 ἑτέραν
163 1648 347 1742 εὐδαίμων
368 1654 424 1722 καὶ
442 1651 600 1743 μεγάλην.
625 1650 779 1742 μαθόντα
801 1653 839 1723 δέ
853 1651 991 1752 τόνιΑί·

41 1761 126 1825 νείαν
140 1758 198 1827 καὶ
213 1754 385 1844 δαιμόνιόν
398 1785 430 1826 τι
445 1763 630 1845 νομίσαντα
639 1753 676 1826 τὸ
688 1761 797 1853 χρῆμα
808 1760 867 1845 τῆς
876 1760 992 1847 φωνῆς
1009 1781 1043 1833 ιιι

42 1858 117 1930 εἶναι
138 1873 252 1930 ποιεῖν
278 1887 322 1941 κς
337 1855 357 1929 ὁ
375 1856 457 1941 θεός
477 1862 642 1932 ἐκέλευεν.
678 1862 786 1951 ἕτεροι
811 1859 849 1931 δὲ
873 1863 991 1950 λέγου-

42 1983 86 2032 σιν
111 1961 340 2054 ἀδημονοῦντι
366 1969 413 2057 τῷ
435 1955 534 2055 άνδρὶ
559 1965 616 2034 καὶ
642 1962 815 2053 παρεικότι
833 1961 871 2032 τό
897 1970 993 2054 σῶμα

25 2063 98 2137 1ὑπὸ
113 2059 225 2156 λύπης
243 2067 299 2137 καὶ
313 2063 391 2137 ούτε
410 2065 540 2138 έπΐτού
560 2069 788 2155 στρατοπέδου
809 2067 993 2157 καταβάντι

42 2166 108 2239 ούτε
117 2187 196 2240 σῖτα
211 2171 523 2264 προσενεγκαμένῳ,
538 2166 643 2240 αὐτοῦ
655 2170 694 2240 δέ
708 2165 753 2250 ὥς
767 2167 992 2257 ἐτυγευαύλις

42 2277 150 2344 σθένει
171 2271 234 2361 τῆν
254 2273 361 2344 νύκτα
381 2273 531 2363 ἐκείνην,
553 2277 727 2362 ἐπιστῆναι
748 2272 897 2362 μεγάλην
916 2270 992 2343 τινά
1008 2286 1043 2338 ει)

43 2379 87 2445 καὶ
102 2373 305 2466 θαυμαστῆν
319 2379 482 2446 ἐνυπνίου
494 2381 563 2447 τάν
574 2380 670 2448 θεων
682 2404 748 2446 τινι
761 2380 829 2444 τάν
843 2384 993 2463 πατρίων

43 2485 254 2550 εἰκασθεῖσαν
273 2477 353 2563 όιγιν
371 2476 412 2549 τά
430 2482 592 2568 λεχθέντα
606 2471 714 2572 μικρῷ
727 2477 889 2568 πρότερον
907 2475 992 2550 ύκο·

44 2585 232 2673 τιθεμένην·
261 2579 427 2672 ὁποτέρως
448 2583 484 2653 δὲ
505 2580 650 2671 τάληθές
669 2588 736 2670 ἔχει
755 2591 849 2662 θεοῖς
868 2576 911 2653 άν
940 2590 993 2671 είη

44 2684 218 2774 μόριμον.
241 2689 282 2778 τῆ
301 2683 337 2756 δ’
358 2688 431 2775 ἑξῆς
453 2681 557 2778 ἡμέρᾳ
576 2683 755 2774 τριάκοντα
773 2686 904 2775 λέγεται
922 2691 993 2774 χοί-

45 2813 112 2876 ρους
127 2785 149 2878 ῆ
164 2779 206 2870 ύς
219 2791 382 2876 ἐκτεκεῖν,
407 2792 464 2859 καί
478 2787 647 2869 τοσούτοις
667 2791 833 2870 ἐνιαυτοῖς
851 2786 995 2879 ὕστερον
1011 2805 1044 2858 25
1090 2880 1093 2886 Ι

32 2888 98 2962 Ιῦπό
119 2896 192 2962 τῶν
203 2891 334 2980 ’Τράων
354 2893 448 2982 ἑτέρα
467 2896 645 2981 κτισθῆναι
660 2892 755 2972 πόλις
774 2890 858 2963 κατά
876 2891 914 2963 τὸ
932 2893 993 2964 θέ-

46 3015 182 3084 σφατον,
198 2991 282 3085 ὑπὲρ
296 2987 335 3086 ῆς
348 2997 385 3066 ἐν
398 3001 511 3090 οίκείμ
524 2992 616 3089 τόπῳ
630 2997 831 3084 διαλέξομαι.
860 3016 862 3021 ’
971 3079 973 3085 Ι

108 3097 214 3168 LVII.
236 3103 375 3180 Αἰνείας
393 3099 432 3170 δὲ
454 3103 512 3188 τῆς
531 3098 593 3188 μὲν
611 3093 673 3180 ὑὸς
689 3097 750 3168 τόν
761 3099 862 3168 τόκον
873 3092 941 3185 ἅμα
953 3097 997 3197 τῆ

46 3202 219 3294 γειναμένη
239 3217 308 3286 τοῖς
334 3199 501 3297 πατρςόοις
520 3197 625 3291 ἁγίζει
643 3213 738 3283 θεοῖς
757 3204 796 3272 ἐν
817 3203 866 3290 τῷ
883 3204 995 3289 χωρίφ

47 3309 139 3394 τῷδε,
155 3295 198 3375 ού
211 3309 277 3376 νύν
290 3309 382 3378 ἐστιν
394 3302 416 3396 ῆ
429 3303 563 3393 καλιάς,
578 3306 634 3375 καὶ
648 3301 755 3394 αότῆν
768 3307 803 3373 οί
812 3299 995 3371 Λαουινιά·
1013 3318 1047 3404 aq

47 3431 88 3476 ται
101 3423 176 3490 τοῖς
196 3406 308 3492 ἄλλοις
322 3407 449 3497 άβατον
461 3407 687 3498 φυλάττοντες
701 3404 796 3495 ἱεράν
808 3409 995 3508 νομίζουσι·

38 3527 103 3608 τοῖς
116 3512 158 3582 δέ
178 3514 287 3602 Τρωσὶ
304 3516 671 3603 μεταστρατοπεδεῦσαι
689 3507 850 3589 κελεύσας
863 3507 919 3576 ἐπὶ
936 3503 996 3576 τὸν
