2367 3850
197 116 237 175 70
551 59 884 170 ’κη’

197 274 304 363 λόφον
318 270 468 363 ίδρύεται
482 269 522 341 τδ
536 276 656 363 ἕδη
609 264 678 343 των
696 274 791 342 θεῶν
811 274 849 341 ἐν
861 298 908 365 τῳ
893 273 1164 366 κρατίστῳ
1092 272 1164 342 καὶ

197 374 316 447 αύτίκα
337 372 467 465 περὶ
430 402 492 465 την
511 372 720 465 κατασκευὴν
741 401 802 444 του
786 370 1059 472 πολίσματος
1042 373 1165 486 ατόσχ

197 486 371 605 προθυμίᾳ
385 476 514 569 ὥρμητο
524 478 690 569 ἐλάμβανέ
698 505 735 549 τε
747 480 924 549 καταθέων
934 464 1052 548 ἐκτῶν
1060 457 1165 567 πέριξ
1163 507 1164 570 χ

195 579 357 672 χωρίων
342 582 447 653 οπόσα
465 588 512 663 είς
530 582 589 653 τὸν
604 579 769 673 πολισμὸν
781 577 873 675 αύτῷ
884 572 928 670 66
943 579 1081 670 χρήσιμα
1094 581 1138 648 καὶ

163 709 180 759 5
197 685 338 775 μάλιστα
348 692 464 775 ἔμελλε
476 683 609 777 λυπηρά
622 698 690 765 τοῖς
703 682 919 775 ἀφαιρεθεῖσι
932 683 1164 773 φανήσεσθαι,

198 796 337 880 σι’διχρου
362 785 418 859 καὶ
446 789 527 872 ξύλα
553 791 610 859 καὶ
633 786 691 868 τάς
716 785 901 878 γεωργικὰς
931 785 1139 877 παρασκευάς.

197 898 333 987 Λατίνῳ
354 888 454 980 δδ,“
435 920 471 973 ος
491 884 534 982 66
553 893 628 962 τότε
650 890 824 981 βασιλεύς,
849 895 1052 979 πολεμοῦντι
1073 886 1139 977 πρός

197 1002 298 1081 ἔθνος
323 993 446 1085 ὅμορον
466 992 545 1077 τούς
568 998 795 1085 καλουμένους
817 990 984 1074 Ῥοτόλους
1012 994 1071 1063 καὶ
1089 998 1140 1061 δυ-

197 1104 396 1190 σημεροῦντι
416 1097 499 1195 κατὰ
517 1096 575 1179 τὰς
594 1097 698 1188 μάχας
717 1095 911 1186 ἀγγέλλεται
929 1094 970 1167 τὰ
993 1095 1141 1185 γινόμενα

147 1220 180 1272 10
197 1204 250 1273 ἐπὶ
280 1200 317 1272 τδ
344 1201 596 1291 φοβερώτατον,
623 1196 667 1282 ἀς
688 1198 871 1281 ἀνάστατος
896 1198 1002 1271 αύτού
1027 1207 1141 1287 γίνεται

195 1310 286 1391 πᾶσα
309 1302 509 1395 ἡπαράλιος
522 1302 690 1399 ὑπερορίῳ
710 1305 867 1397 στρατιᾷ,
892 1306 949 1374 καὶ
970 1310 1003 1373 εί
1020 1301 1069 1429 μδ]
1088 1300 1141 1371 σύν

195 1408 286 1497 τόχει
313 1407 457 1479 κωλύσει
478 1404 520 1479 τδι
542 1404 735 1499 δρύμενα’
717 1406 837 1498 οχυρδς
858 1404 950 1500 αύτῳ
968 1406 1164 1495 φανήσεται

195 1524 213 1581 6
201 1508 309 1602 πρδς
319 1510 400 1592 τούς
413 1507 679 1599 ἀστυγείτονας’
660 1510 762 1598 αγούν.
785 1508 966 1581 ἀκούσαντι
981 1508 1017 1579 δὲ
1033 1537 1079 1603 τῳ
1092 1505 1165 1612 ἀν-

196 1617 252 1704 δρὶ
273 1616 347 1695 δέος
361 1619 541 1706 εἰσέρχεται
565 1616 621 1684 καί
641 1611 761 1684 αὐτίκα
785 1618 847 1683 τού
865 1613 1031 1705 παρόντος
1056 1573 1165 1682 πολὲ

144 1739 177 1793 15
194 1744 260 1808 μου
275 1719 460 1807 μεθέμενος
480 1720 534 1787 ἐπὶ
547 1715 627 1798 τούς
645 1716 760 1808 Τρῶας
776 1704 910 1787 ἐλαύνει
930 1722 1039 1805 πολλῇ
1053 1736 1164 1806 στρα

194 1825 258 1889 τιά
285 1815 374 1907 δρῶν
389 1815 481 1891 δὲ’
440 1818 563 1900 αυτούς
577 1815 805 1909 ὡπλισμένους
817 1847 854 1890 τε
872 1816 916 1901 ως
919 1818 1086 1908 Ἕλληνας
1097 1818 1164 1898 και

194 1927 232 1993 ἐν
245 1918 333 2006 τάξει
349 1920 501 2016 εὐκόσμῳ
515 1922 772 2034 ἀκαταπλήκτως
784 1951 822 1994 το
810 1920 951 1995 δεινδυ
964 1918 1164 2027 ὑπομένον-

193 2055 268 2111 τας,
288 2031 347 2116 τῆς
365 2027 427 2117 μὲν
447 2014 567 2098 αὐτίκα
580 2026 937 2118 παρακινδυνεύσεως,
960 2055 1006 2106 ως
1026 2022 1092 2109 ούκ
1110 2017 1164 2093 ἀν

193 2133 226 2214 ἐξ
247 2128 374 2218 Ιἐφόδου
398 2127 520 2211 αύτούς
543 2136 592 2201 ἔτι
611 2129 868 2221 χειρωσόμενος,
890 2128 935 2220 ἢν
953 2135 1029 2218 ἔσχε
1052 2128 1164 2210 δόξαν

142 2244 175 2297 20
192 2231 374 2304 οίκοθεν
358 2233 566 2324 ορμύμενος,
601 2230 839 2360 ἀποτρέπεται·
864 2230 1145 2340 στρατοπεδευσά

132 2347 135 2350 ’
192 2363 291 2425 μενος
325 2334 360 2406 δ’
380 2339 435 2407 ἐπὶ
465 2336 573 2426 λόφου
605 2333 696 2418 τινός
732 2333 771 2406 τὸ
801 2335 935 2462 πρῳτον
967 2323 1146 2465 ἀύαλαβείν

193 2437 275 2531 ῳέτο
303 2439 429 2510 δεῖν
394 2468 456 2530 την
475 2442 624 2546 δύναμιν
641 2441 680 2508 ἐκ
699 2445 761 2510 τοῦ
780 2439 944 2531 παρόντος
962 2437 1090 2524 κόπου,
1117 2433 1147 2514 ὃς

192 2539 298 2622 πολύς
320 2545 356 2613 ἐκ
372 2548 500 2632 μακράς
516 2530 599 2613 ὁδοῦ
613 2543 671 2612 καὶ
691 2541 858 2612 συντόνου
878 2543 1023 2625 διώξεως
1037 2538 1146 2618 αὐτοῖς

104 2665 107 2670 “
174 2645 333 2730 ίγίυετο.
362 2643 583 2736 αύλισάμενος
602 2647 640 2717 δὲ
662 2643 718 2715 διὰ
733 2643 855 2727 νυκτὸς
868 2643 990 2716 αύτόθι
1011 2644 1146 2733 γνώμην

140 2762 173 2812 25
191 2747 333 2816 ἐποιεῖτο
354 2746 576 2838 ἀρχομένης”
556 2777 601 2819 εω
622 2750 857 2840 συμφέρεσθαι
876 2763 946 2830 τοῖς
966 2753 1145 2833 πολεμίοις.

190 2845 350 2938 ἐγνωκότι
366 2851 402 2920 δδ
417 2849 507 2946 αύτῳ
518 2857 623 2920 ταῦτα
637 2854 726 2940 λέγει
739 2878 789 2931 τις
802 2850 937 2932 ἐπιστὰς
947 2847 1029 2921 καθ’
1037 2847 1147 2920 ύπυον
1163 2862 1164 2913 1

190 2950 364 3042 ἐπιχώριος
391 2959 521 3042 δαίμων
541 2956 698 3042 δέχεσθαι
718 2953 796 3036 τούς
807 2952 970 3043 Ἕλληνας
995 2958 1038 3042 τῇ
1055 2950 1146 3044 χοίρῳ

190 3055 427 3136 συνοίκους·”
405 3083 501 3146 χκειν
515 3055 579 3146 γάρ
598 3055 720 3138 αύτούς
732 3060 816 3148 με’γα
835 3055 994 3147 ὠφέλημα
1011 3060 1165 3148 Λατίνῳλ

188 3159 245 3228 καί
257 3156 373 3228 κοινόν
380 3157 603 3286 Ἀβοριγίνῳν
610 3156 759 3248 ἀγαθόν·
775 3166 895 3254 Αίνείῳ
907 3189 944 3231 τε
953 3165 989 3230 oc
998 3162 1147 3251 πατρῳῑοι

137 3277 176 3328 36
188 3262 316 3330 θεοὶ
277 3288 333 3350 της
348 3260 449 3354 αὐτῆς
462 3260 583 3344 νυκτός
597 3267 760 3352 φανέντες
773 3262 1057 3353 παρακελεύονται
1071 3267 1145 3330 πεί

188 3373 268 3432 θειν
282 3369 466 3436 Λατίνου
449 3366 566 3440 εκόντα
579 3383 765 3456 παρασχεῖν
776 3376 871 3456 σφίσι
883 3365 947 3456 τὴν
962 3375 1146 3454 οίκησινν
1110 3367 1146 3434 ἐν

189 3491 215 3556 ῳ
201 3453 407 3552 βούλονται
420 3477 516 3566 χωρί
505 3499 550 3558 ω,
490 3470 629 3572 [aaz
641 3469 830 3560 χρήσασθαι
846 3469 985 3559 δυνάμει
994 3467 1144 3556 Ἑλληνι-
