2367 3850
175 134 236 197 134
532 131 760 196 -fl—

175 295 249 375 ἑνός
260 321 298 364 τε
309 292 534 383 κελεύσματος
548 304 616 366 είτε
628 290 741 365 ἅπασα
755 290 784 384 ῆ
793 289 937 384 δύναμις
956 303 1024 364 εἴτε
1041 294 1137 382 μοῖρά

42 489 45 494 .
175 426 226 478 τις
245 401 277 478 έξ
300 394 403 486 αύτῆς
422 404 567 488 κληθείη
585 396 627 467 τά
648 393 733 468 ὅπλα
750 404 872 484 ἔχουσα
894 401 1006 487 παρῆν
1020 403 1071 478 είς
1082 396 1137 466 τόν

176 498 422 587 ἀποδειχθέντα
437 498 728 590 τόπονεύτρεπῆς.
1171 557 1172 564 ,

252 602 329 674 XV.
348 606 560 692 Τεταγμένην
570 604 634 692 μὲν
644 596 706 674 ούν
718 604 776 672 καὶ
789 603 1046 690 κεκοσμημένην
1057 599 1137 689 πρὸς

77 717 85 726 ’
142 721 158 774 σ
178 706 317 796 εἰρήνην
335 731 373 776 τε
391 704 616 795 ἀποχρώντως
635 709 691 777 καί
713 705 796 795 πρὸς
816 704 857 776 τὰ
871 707 1011 792 πολέμια
1025 706 1136 791 ἐπιτη-

178 815 278 892 δείως
307 812 345 880 έκ
371 809 502 880 τούτων
528 815 597 880 τοῖν
626 807 879 898 πολιτευμάτων
904 806 967 897 τῆν
995 807 1099 877 πόλιν
1122 802 1138 876 ό

174 909 340 1000 Ῥωμύλος
358 909 599 1001 ἀπειργάσατο,
619 912 769 1001 μεγάλην
789 912 827 983 δὲ
841 913 898 984 καὶ
912 909 1136 998 πολυάνθρω-

179 1042 245 1086 πον
267 1018 304 1086 ἐκ
331 1021 456 1085 τοῖνδε·
479 1020 615 1103 πρῶτον
634 1015 696 1104 μέν
717 1021 765 1095 είς
784 1011 935 1104 ἀνάγκην
960 1014 1138 1100 κατέστησε

177 1116 256 1198 τούς
269 1118 445 1208 οίκῆτορας
465 1115 569 1208 αὐτῆς
583 1116 719 1188 ἅπασαν
737 1115 864 1207 ἀρρενα
883 1113 1009 1205 γενεάν
1028 1117 1136 1200 έκτρέ-

128 1239 161 1290 ιο
178 1248 258 1308 φειν
271 1223 328 1291 καὶ
340 1222 542 1310 θυγατέρων
554 1220 613 1301 τάς
627 1219 877 1309 πρωτογόνους,
896 1216 1137 1290 ἀποκτιννύναι

179 1325 217 1394 δὲ
230 1324 337 1413 μηδὲν
355 1329 426 1394 τοῖν
438 1326 665 1412 γεννωμένων
685 1323 853 1410 νεοῖτερον
866 1327 1034 1413 τριετοῦς,
1056 1318 1137 1409 πλὴν

179 1437 212 1496 εί
226 1454 260 1496 τι
279 1429 410 1515 γένοιτο
434 1432 572 1497 παιδίον
590 1424 766 1516 ἀνάπηρον
784 1421 806 1516 ῆ
827 1427 925 1516 τέρας
945 1421 1055 1505 εὐθύς
1079 1421 1137 1494 ἀπό
1171 1469 1172 1498 1

177 1535 290 1618 γονῆς.
316 1534 423 1600 ταῦτα
438 1527 470 1600 δ’
487 1527 551 1600 ούκ
565 1528 736 1601 έκάλυσεν
749 1531 921 1600 ἐκτιθέναι
933 1525 1012 1608 τούς
1026 1551 1136 1617 γεινα-

177 1634 300 1721 μένους
326 1636 555 1716 ἐπιδείξαντας
584 1630 749 1722 πρότερον
776 1634 877 1702 πέντε
902 1628 1050 1721 ἀνδράσι
1076 1644 1137 1708 τοῖς

128 1753 161 1806 ισ
178 1743 313 1822 ἔγγιστα
333 1741 502 1823 οίκοιῖσιν,
529 1734 590 1806 έάν
609 1732 776 1824 κάκείνοις
797 1739 958 1824 σννδοκῆ.
997 1731 1086 1804 κατά
1105 1731 1172 1896 (U

177 1843 247 1906 τοῖν
263 1836 308 1926 μῆ
322 1841 537 1928 πειθομένων
548 1839 701 1934 τρῖνόμφ
715 1845 830 1927 ζημίας
849 1834 973 1927 εῖρισεν
985 1834 1091 1915 ἀλλος
1106 1861 1136 1904 τε

178 1942 309 2029 καὶτῆς
329 1938 445 2023 ούσίας
458 1938 572 2012 αύτοῖν
588 1941 652 2033 τῆν
676 1938 835 2032 ῆμίσειαν
857 1941 944 2013 εἰναι
966 1946 1136 2029 δημοσίαν.

179 2050 295 2113 ἔπειτα
315 2044 521 2133 καταμαθεῖν
534 2044 659 2125 πολλὰς
670 2050 740 2115 τεόν
752 2044 837 2115 κατὰ
849 2043 912 2133 τῆν
923 2040 1068 2115 Ἰταλίαν
1081 2040 1135 2113 πό·

178 2156 267 2215 λεων
288 2152 442 2236 πονηροῖς
461 2149 766 2237 ἐπιτροπευομένας
785 2144 852 2217 ὑπό
870 2152 1088 2236 τυραννίδων
1106 2170 1136 2213 τε

127 2269 161 2321 νο
177 2251 234 2319 καί
256 2245 474 2339 ὀλιγαρχιῶν,
500 2249 579 2333 ’τούς
606 2254 643 2321 ἐκ
668 2249 798 2321 τούτων
825 2255 1049 2329 ἐκπίπτοντας
1075 2252 1136 2317 τοῖν

178 2352 311 2423 πόλεων
323 2353 469 2442 συχνούς
480 2352 594 2442 ὄντας,
610 2360 643 2427 εί
655 2353 760 2442 μόνον
775 2353 844 2423 εἶεν
857 2351 1051 2442 ἐλεύθεροι,
1066 2358 1134 2421 δια·
1169 2394 1170 2440 η

178 2463 307 2542 κρίνων
332 2454 411 2527 ούτε
437 2456 615 2545 συμφοράς
642 2454 720 2528 οὔτε
748 2455 850 2545 τύχας
874 2454 989 2526 αύττῖυ
1012 2450 1133 2527 ὖποδέ·

178 2568 299 2645 χεσθαι
318 2561 373 2629 καὶ
400 2560 557 2648 μετάγειν
582 2556 639 2648 οῖς,
657 2557 778 2631 ἑαυτόν
801 2563 982 2647 ἐπεχείρει,
1014 2556 1079 2646 τῆν
1102 2580 1134 2625 τε

174 2656 343 2746 Ῥωμαίων
371 2657 517 2751 δύναμιν
541 2660 682 2753 αὐξῆσαι
707 2664 891 2751 βουληθεὶς
916 2662 972 2731 καί
992 2659 1052 2740 τὰς
1072 2662 1134 2728 τοῖν
1168 2684 1169 2709 ³

94 2792 99 2800 ·
128 2784 162 2835 τε
179 2769 362 2849 περιοίκων
387 2769 586 2835 ἐλαττῶσαι·
627 2769 732 2837 ἐποίει
767 2766 806 2836 δέ
835 2770 940 2835 ταῦτα
967 2762 1133 2851 πρόφασιν

177 2863 325 2951 έξενροῖν
344 2863 493 2958 εὐπρεπῆ
505 2869 561 2938 καί
582 2874 632 2951 είς
650 2874 737 2937 θεοῦ
751 2865 852 2957 τιμῆν
872 2865 910 2937 τό
932 2873 1033 2956 ἔργον
1055 2862 1130 2935 ἀνα-

177 2971 303 3056 φέρων.
330 2966 443 3060 τὸγὰρ
456 2969 579 3057 μεταξύ
592 2978 716 3061 χωρίον
727 2977 787 3040 τοῦ
800 2998 836 3041 τε
849 2975 1070 3041 Καπιτωλίου
1081 2966 1131 3035 καί

176 3075 236 3159 τῆς
254 3068 376 3159 ἀκρας,
397 3068 417 3143 ό
434 3083 584 3143 καλεῖται
602 3080 668 3145 νύν
689 3072 773 3144 κατὰ
790 3072 853 3163 τὴν
867 3070 1039 3163 Ῥωμαίων
1064 3066 1129 3139 διά·

178 3180 296 3245 λικτον
329 3174 491 3263 μεθόριον
522 3181 620 3247 δνείν
648 3181 788 3266 δρυμῶν
818 3179 875 3247 καὶ
903 3168 947 3267 ῆν
973 3173 1050 3246 τότε
1076 3174 1131 3242 τοιῖ

125 3295 161 3349 30
177 3277 425 3365 συμβεβηκότος
438 3277 633 3368 έπεῖννμον,
647 3276 745 3361 ὅλαις
757 3277 966 3369 ἀμφιλαφέσι
983 3272 1057 3351 κατ’
1071 3272 1127 3363 ἀμ·

60 3389 64 3397 ’
176 3382 319 3467 φοτέρας
335 3378 395 3463 τάς
414 3382 650 3463 συναπτούσας
671 3398 740 3463 τοῖς
761 3382 882 3471 λόφοις
899 3382 1042 3470 λαγόνας
1062 3382 1125 3451 έπί·

175 3498 289 3567 σκιον,
304 3482 396 3574 ίερόν
409 3482 503 3567 ἀνείς
514 3482 644 3556 ἀσνλον
657 3488 780 3567 ἱκέταις
793 3487 850 3555 καί
862 3485 948 3557 ναόν
961 3485 1017 3556 ἐπὶ
1029 3481 1126 3572 τούτῳ
