2367 3850
559 126 788 188 ..Γ-

183 299 232 364 bn
257 293 318 361 τοῦ
342 287 388 377 μὴ
413 292 530 360 ταῦτα,
544 289 705 379 πράττειν
732 293 828 376 σφίσι
856 285 1151 374 καταλειπομένης.

183 391 334 482 ἐγεγόνει
355 391 394 462 δί
414 393 537 485 καίτῷ
556 398 693 480 βασιλεῖ
710 394 778 460 τάν
793 384 965 477 Ῥωμαίων
984 384 1078 477 ὑπὲρ
1100 394 1152 476 τῆς

183 502 394 585 συνωμοσίας
413 494 536 584 ταύτης
556 491 576 585 ἡ
598 492 742 583 μήνυσις
755 489 848 581 παρά,
859 497 927 562 τῶν
946 495 983 562 ἐκ
998 489 1151 578 Φιδήνης

184 606 313 688 φίλων,
329 594 410 666 ὥστ’
427 595 503 666 οὐδ’
520 595 621 678 αὑτὸς
635 603 684 666 ἔτι
703 594 926 683 διαμελλήσας
946 594 1086 681 δέχεται
1098 593 1151 672 τάς

146 707 244 776 στοά
272 707 484 788 Φουφεττίου
504 699 713 790 προκλήσεις.
748 699 820 768 ἐττεί
849 698 886 766 δὲ
905 701 1088 784 συνῆλθον
1109 703 1151 775 εἰς

181 803 220 874 τὸ
237 801 361 893 μεταξὺ
375 808 442 872 τάν
455 807 692 892 στρατοπέδων
706 809 831 890 χωρίον
846 798 1053 888 ἐπαγόμενοι
1068 821 1148 887 σομ-

181 906 327 996 βούλους
346 905 495 993 ἑκάτεροι
516 905 593 988 τοὺς
617 910 784 995 φρονῆσαι
803 900 844 972 τά
860 908 978 972 δέοντα
999 883 1150 988 ίκάνοὺς,

181 1005 412 1096 ἀσπασάμενοι
432 1014 566 1097 πρῶτον
585 1006 749 1098 ἀλλήλους
775 1001 820 1087 άς
841 1004 1006 1095 πρότερον
1030 1006 1148 1075 εἰσίθε·

180 1133 247 1182 σαν
265 1114 320 1182 καὶ
342 1113 653 1201 φιλοφρονηθέντες
672 1110 730 1191 τάς
750 1108 917 1198 ἑταιρικάς
930 1135 966 1178 τε
985 1109 1045 1177 καί
1064 1130 1148 1196 συγ-

132 1241 165 1292 10
182 1212 318 1303 γενικάς
338 1215 594 1303 φιλοφροσύνας
615 1217 805 1302 διελέγοντο
831 1212 997 1301 περὶτῶν
1027 1211 1147 1282 διαλύὲ
1172 1275 1173 1288 .

118 1310 129 1325 ’
180 1342 279 1388 σεων.
312 1315 429 1406 ἤρχετο
450 1315 481 1386 δ’
498 1313 516 1386 ὑ
538 1315 696 1406 Ἀλβανὸς
710 1314 869 1405 πρότερος
888 1311 1000 1383 τοιάδε
1021 1315 1147 1402 λέγων·

176 1417 375 1508 Ἀναγκαῖον
397 1419 488 1490 εἰναί
510 1449 567 1510 μοι
595 1426 690 1490 δοκεῖ
705 1416 764 1500 τάς
787 1424 895 1498 αἰτίας
915 1422 1050 1506 πρῶτον
1075 1422 1174 1490 ἐπι-ἰ

181 1525 306 1611 δεῖξαι,
331 1519 377 1592 δι’
394 1518 433 1604 ἃς
448 1520 513 1610 ἐγω
534 1527 664 1610 πρώτος
681 1519 805 1613 ἠξίωσα
830 1521 908 1608 περὶ
932 1520 1147 1602 καταλύσεως

178 1631 241 1696 τοῦ
266 1627 414 1716 πολέμου
435 1627 669 1714 διαλέγεσθαι,
686 1622 764 1696 ούτε
778 1623 866 1712 μάχη
882 1626 1063 1712 κρατηθεὶς
1083 1622 1144 1712 ὑφ’

131 1745 163 1796 15
181 1724 277 1818 ὑμῶν
290 1725 369 1810 οὔτε
389 1727 616 1818 ἐπισιτισμοὺς
631 1727 822 1814 εἰσάγεσθαι
840 1721 1052 1815 κωλυόμενος
1067 1725 1145 1796 οὑτε
1173 1795 1174 1812 ,

121 1842 123 1845 ’
143 1864 148 1874 ·
181 1837 229 1910 εἰς
249 1827 355 1918 άλλην
375 1834 693 1920 κατακεκλεισμένος
713 1826 863 1917 άνάγκην
881 1826 1062 1917 οὐδεμίαν,
1089 1836 1144 1900 ἵνα
1173 1831 1174 1887 3

180 1932 226 2023 μή
247 1960 288 2021 με
314 1930 506 2023 ὑπολάβητε
526 1940 585 2023 τῆς
613 1934 676 2022 μὲν
696 1940 819 2013 οἰκείας
838 1931 1014 2020 δυνάμεως
1039 1929 1142 2003 άσθέ-

179 2064 276 2109 νειαν
288 2035 541 2124 κατεγνωκότα,
556 2036 619 2125 τὴν
635 2037 672 2107 δὲ
686 2032 851 2125 ὑμετέραν
860 2033 958 2123 ἰσχύν
974 2040 1140 2110 δυσκατα-

179 2138 346 2227 γάνιστον
363 2138 450 2209 εἰναι
463 2146 639 2227 νομίζοντα
656 2135 808 2225 εὐπρεπῆ
821 2146 931 2225 ζητεῖν
944 2134 1142 2227 άπαλλαγ-ὴν

128 2265 163 2316 20
179 2246 241 2311 τοῦ
256 2243 412 2332 πολέμου.
451 2238 613 2330 άφόρητοι
630 2241 695 2328 γάρ
714 2236 757 2310 άν
771 2241 929 2329 γένοισθε
949 2236 1015 2309 ὑπὸ
1034 2240 1140 2329 βαρύ-

178 2372 293 2433 τητος,
310 2354 343 2414 εἰ
353 2372 385 2415 τι
395 2351 589 2434 πεισθείητε
604 2346 681 2433 περί
695 2340 791 2433 ἡμῶν
806 2348 956 2412 τοιοῦτον
970 2344 1027 2411 καὶ
1041 2340 1141 2414 οὐδὲν

177 2442 223 2516 άν
240 2452 309 2517 τῶν
331 2453 477 2536 μετρίων
496 2443 715 2535 ὑπομείναιτε
734 2460 861 2530 ποιεῖν,
879 2440 922 2525 ὑς
939 2450 1141 2535 κρατοῦντες

179 2546 245 2637 ἤδη
269 2555 316 2642 τῷ
336 2552 481 2640 πολέμῳ.
517 2556 575 2620 ίνα
597 2548 637 2638 δὴ
652 2548 696 2638 μὴ
710 2540 774 2619 οὖν
794 2545 852 2629 τάς
872 2554 1008 2629 ψευδεῖς
1034 2555 1141 2629 αἰτίας

180 2651 329 2739 εἰκάζητε
342 2655 419 2742 περὶ
428 2659 485 2742 τῆς
494 2656 572 2742 ἐμῇς
582 2654 821 2742 προαιρέσεως,
834 2649 881 2719 δι’
891 2648 928 2731 άς
943 2648 1025 2735 άξιῶ
1039 2680 1137 2721 κατα-

128 2766 161 2819 25
180 2750 348 2823 λύσασθαι
368 2783 426 2825 τον
443 2756 609 2845 πόλεμον,
632 2752 796 2825 άκούσατε
810 2752 868 2833 τάς
884 2751 1041 2845 άληθεῖς·
1075 2754 1138 2843 ἐγω
1171 2848 1172 2851 ¹

177 2854 363 2945 στρατηγὸς
377 2854 590 2946 άποδειχθείς
604 2854 671 2929 ὑπὸ
685 2862 742 2947 τῆς
752 2862 910 2945 πατρίδος
924 2854 1138 2947 αὐτοκράτωρ

44 3005 51 3015 -
176 2955 245 3047 άμα
263 2964 310 3054 τῷ
331 2968 540 3048 παραλαβεῖν
560 2958 743 3050 τὴνάρχὴν
763 2959 930 3031 ἐσκόπουν
944 2967 1033 3041 τίνες
1054 2952 1138 3047 ἦσαν

146 3065 214 3133 ,al
231 3062 476 3152 συνταράξασαι
496 3060 555 3143 τάς
576 3062 689 3145 πόλεις
709 3059 803 3152 ἡμῶν
824 3060 1018 3150 προφάσεις.
1049 3058 1137 3149 ὁρῶν
1170 3106 1171 3113 1

179 3164 216 3234 δὲ
235 3163 354 3253 μικράς
374 3167 429 3237 καί
444 3164 576 3253 φαύλας
597 3168 652 3235 καί
672 3163 733 3252 οὐχ
747 3162 862 3243 ίκανάς
877 3170 1001 3235 διελεῖν
1015 3165 1171 3287 τοσαύτη

126 3281 161 3332 30
178 3293 239 3351 την
254 3274 372 3351 φιλίαν
391 3270 446 3337 καί
466 3269 667 3355 συγγένειαν
690 3265 731 3336 ού
750 3267 790 3336 τά
809 3266 967 3355 κράτιστα
988 3261 1136 3356 ἡγούμην
1170 3294 1171 3354 γ

178 3362 256 3433 ούτε
265 3364 446 3455 Ἀλβανούς
460 3367 538 3439 ούτε
551 3364 637 3455 ὑμάς
651 3368 914 3459 βουλεύσασθαι.
944 3374 992 3437 ἔτι
1007 3369 1044 3437 δὲ
1059 3374 1134 3457 μάλ-

181 3471 242 3532 λον
259 3472 368 3552 ίγνων
397 3476 496 3543 τοῦτο
515 3472 571 3539 καί
602 3467 729 3559 πολλὴν
750 3472 922 3559 κατέγνων
941 3468 1135 3561 ἀμφοτέρων
