2367 3850
174 132 238 198 290
539 161 591 174 --
644 129 677 192 Γ
713 135 775 175 'w-

535 219 541 252 Ι

175 293 326 382 διέθηιε.
370 293 509 362 τοιαῦτα
528 293 710 380 συνέβαινε
734 287 845 360 πολλὰ
866 285 1044 379 παραλλὰξ
1071 289 1150 359 ἑκα-

174 401 282 486 τέροις
296 395 351 464 ἐπὶ
365 392 424 475 τδς
438 390 582 482 ὁμόρους
595 391 706 482 χώρας
718 395 1038 482 ἐκστρατευομένοις
1049 394 1150 462 ἐλατ-

175 498 309 588 τύματά
323 524 358 566 τε
374 500 429 566 καὶ
436 496 718 585 πλεονεκτήματα,
731 501 791 585 μία
804 496 843 566 δὲ
855 493 970 566 αὐτῶν
981 498 1022 565 ἐκ
1034 519 1150 581 παρα-

175 602 297 686 τάξεως
313 603 446 688 ἐγίνετο
464 599 551 688 μύχη
575 597 725 686 Φιδήνης
746 598 876 679 πόλεως
895 603 1041 685 πλησίον
1058 595 1149 666 διπύ-

142 717 250 784 ῠσαις
271 701 514 791 συμβαλόντων
535 717 609 782 ταῖς
630 699 834 789 δυνάμεσιν,
850 705 889 772 ἐν
907 691 930 790 ἠ
947 701 1069 768 πολλοὶ
1084 699 1149 788 μὲν

176 815 297 878 ἐπεσον
316 802 534 892 ἀμφοτέρων,
556 809 718 891 ἐνίκησαν
747 803 787 873 δδ
803 798 963 892 Ῥωμαῖοι
985 804 1046 870 καλ
1065 801 1149 882 τούς

176 916 342 986 Λατίνους
357 905 550 994 ἠνάγκασαν
562 904 722 986 λιπόντας
731 901 792 974 τόν
804 906 934 996 χάρακα
947 904 1089 992 νύκτωρ
1102 910 1149 984 είς

176 1009 235 1089 τάς
248 1012 378 1078 ἑαυτῶν
394 1009 506 1088 πόλεις
519 1005 697 1078 ἀπελθεῖν.

249 1111 302 1180 LI.
319 1109 416 1180 Μετά
430 1112 467 1180 δὲ
480 1110 540 1180 τὸν
553 1109 668 1198 ἀγῶνα
683 1114 804 1179 τοῦτον
817 1114 904 1195 ἔχων
915 1111 1146 1199 συντεταγμέ-

127 1229 161 1284 10
177 1242 242 1303 νην
268 1212 330 1302 τήν
352 1209 531 1302 Ῥωμαίων
559 1209 706 1302 δύναμιν
731 1207 751 1282 ὁ
781 1208 968 1296 Ταρκύνιος
1001 1211 1060 1279 ἐπὶ
1089 1208 1148 1290 τὰς

177 1317 290 1396 πόλεις
304 1311 417 1384 αὐτόν
436 1313 553 1403 ἐχώρει
573 1315 694 1403 λόγους
709 1316 912 1402 προσφέρων
925 1313 1004 1399 περὶ
1018 1319 1146 1398 φιλίας.

176 1424 213 1488 οί
230 1415 261 1486 δ’
278 1414 348 1486 οὔτ’
368 1419 407 1486 ἐν
426 1423 473 1510 τῷ
487 1423 592 1508 κοινῷ
606 1421 822 1486 συνεστῶσαν
843 1423 973 1502 ἔχοντες
993 1414 1147 1502 δύναμιν

177 1517 254 1592 οὔτε
279 1516 352 1600 ταῖς
373 1525 475 1600 ἰδίαις
503 1534 730 1608 παρασκευαῖς
758 1517 959 1594 πεποιθότες
987 1519 1145 1604 ἐδέχοντο

177 1621 234 1701 τὰς
248 1621 462 1712 προκλήσεις,
483 1623 539 1692 καλ
557 1625 786 1709 παρεδίδοσαν
799 1617 891 1711 αὐτῷ
899 1645 993 1699 τινες
1005 1617 1068 1699 τάς
1079 1619 1146 1688 πό-
1164 1645 1184 1677 ,-

126 1732 159 1786 15
178 1734 247 1804 λεις
266 1720 429 1811 δρῶντες,
459 1721 510 1792 ὅτι
537 1739 610 1804 ταῖς
636 1724 699 1811 μὲν
725 1720 883 1800 ἁλούσαις
909 1717 993 1790 κατὰ
1020 1721 1145 1808 κράτος

178 1824 450 1914 ἀνδραποδισμοί
466 1853 502 1894 τε
518 1822 735 1914 ἠκολούθουν
747 1827 803 1894 καὶ
818 1825 1049 1909 κατασκαφαὶ,
1069 1841 1144 1903 ταῖς

178 1929 216 1999 δὲ
230 1928 504 2016 προσχωρούσαις
516 1927 601 1999 καθ’
616 1926 793 2018 ὁμολογίας
807 1926 846 1997 τό
860 1938 1060 2013 πειθαρχεῖν
1071 1943 1142 2007 τοῖς

177 2029 398 2119 κεκρατηκόσι
411 2029 535 2119 μόνον,
556 2029 639 2101 ἀλλο
654 2030 691 2099 δὲ
706 2028 892 2117 ἀνήκεστον
905 2027 1022 2099 οὐδέν·
1047 2035 1139 2115 πρῶ·

178 2160 237 2203 τον
256 2134 318 2221 μὲν
335 2124 398 2202 ούν
417 2132 596 2203 Φικόλνεοι
614 2136 821 2221 προσέθεντο
834 2129 925 2225 αύτῷ
931 2131 1033 2211 πόλις
1049 2128 1141 2214 ἀξιό-

126 2245 161 2301 νο
177 2244 274 2323 λογος
289 2237 343 2304 ἐπὶ
356 2238 587 2324 συγκειμένοις
599 2237 666 2305 τισὶ
681 2240 839 2320 δικαίοις,
861 2242 975 2305 ἔπειτα
988 2240 1141 2323 Καμαρῖ-

177 2366 231 2409 νοι
238 2390 248 2425 ,
263 2333 315 2417 αἷς
328 2335 564 2427 ἠκολούθησαν
574 2335 672 2407 ἄλλαι
685 2338 774 2418 τινὲς
787 2342 942 2425 πολίχναι
955 2338 1072 2425 μικραὶ
1083 2340 1141 2405 καὶ

177 2438 325 2529 φρούρια
339 2440 449 2527 ἐχυρά.
487 2437 544 2526 ἐφ’
562 2436 612 2520 οἷς
625 2441 850 2527 ταραχθέντες
868 2444 904 2508 οί
913 2440 1022 2508 λοιποὶ
1037 2448 1140 2508 Λατῖ-

177 2570 231 2613 νοι
255 2542 314 2612 ’καὶ
339 2546 511 2623 δείσαντες
532 2540 578 2630 μή
599 2546 667 2612 πᾶν
686 2538 753 2629 ὑφ’
769 2543 878 2635 ἑαυτηῐ
898 2540 1078 2629 ποιήσηται
1104 2540 1142 2609 τό

177 2650 279 2723 ἔθνος
310 2648 358 2723 είς
382 2643 444 2735 τήν
470 2648 508 2715 ἐν
536 2652 729 2735 Φερεντίνῳ
755 2642 979 2723 συνελθόντες
1013 2640 1141 2731 ἀγορὰν

126 2760 160 2813 25
177 2748 386 2832 ἐψηφίσαντο
399 2745 460 2835 τήν
471 2774 507 2817 τε
520 2752 650 2817 οἰκείαν
664 2747 813 2833 δύναμιν
826 2742 999 2833 ἐξάπάσης
1012 2744 1140 2825 πόλεως

176 2846 307 2935 ἐξάγεῑν
319 2848 376 2917 καὶ
390 2852 459 2917 τῶν
472 2848 711 2939 πλησιοχώρων
718 2852 832 2918 ἐθνῶν
844 2848 885 2919 τά
897 2847 1058 2935 κράτιστα
1074 2874 1134 2917 πα-

177 2956 347 3039 ρακαλεῖν,
361 2952 417 3019 καὶ
431 2950 713 3041 διεπρεσβεύοντο
727 2950 810 3039 πρὸς
828 2950 1023 3039 Τυρρηνούς
1036 2950 1138 3020 τεκαὶ

176 3058 348 3139 Σαβίνους
368 3051 559 3141 αἰτούμενοι
583 3060 784 3142 συμμαχίαν.
824 3062 970 3141 Σαβῖνοι
992 3053 1058 3141 μὲν
1077 3044 1138 3122 οὖν

175 3148 361 3241 ὑπέσχοντο
381 3151 510 3240 αύτοίς,
539 3155 680 3226 ἐπειδᾶν
711 3158 862 3235 ἐκείνους
892 3156 1137 3245 ἐμβεβληκότας

124 3270 158 3323 80
177 3259 223 3331 είς
249 3254 311 3341 τήν
324 3251 502 3345 Ῥωμαίων
516 3262 580 3347 γῆν
597 3256 805 3345 ἀκούσωσιν,
832 3255 1059 3347 ἀναλαβόντες
1083 3258 1143 3335 καί,Ι
1172 3282 1184 3295 ⁴

175 3351 271 3424 αύτολ
289 3353 329 3425 τόι
351 3355 438 3427 δπλα
457 3359 519 3446 τήν
538 3366 683 3447 πλησίον
704 3356 819 3430 αὐτῶν
842 3359 956 3447 χεόραν
976 3360 1133 3449 λεηλατή-

175 3472 267 3523 σειν·
287 3461 454 3547 Τυρρηνοὶ
467 3460 505 3532 δέ
519 3467 713 3549 συμμαχίαν
727 3458 946 3533 ἀποστίλλειν
962 3459 1134 3554 ὦμολόγη·
1156 3546 1171 3551 ,-
