2367 3850
403 147 455 162 -·-
506 117 639 182 F—
937 121 1001 186 227

30 275 91 346 καλ
121 275 208 348 κατά
234 281 333 348 τοῦτο
360 272 566 366 ἁμαρτάνων
594 280 738 368 μάλιστα
765 278 803 364 πό
823 285 1000 372 δικαίωμα.

30 375 134 468 ἡμεῖς
146 379 212 470 μὰρ
226 379 387 453 τοσούτου
401 383 523 471 δέομεν
540 380 763 471 αἰσχύνεσθαι
783 381 903 471 κοινὴν
916 381 998 455 άνα-

32 486 210 565 δείξαντες
237 481 300 572 τὴν
325 482 425 554 πόλιν
452 499 521 567 τοῖς
553 488 788 574 βουλομένοις,
828 482 914 556 ὥστε
940 490 999 558 καλ

30 586 279 674 σεμνυνόμεθα
291 588 347 657 ίπλ
360 586 468 680 τούτῳ
488 586 631 676 μάλιστα
645 594 693 681 τῷ
707 596 795 680 έρμςο
819 586 881 659 οὐκ
901 586 997 660 αύτολ

30 692 95 756 τού
115 688 218 778 ζήλου
239 693 339 760 τούδε
360 687 536 778 ἄρξαντες,
563 690 654 781 παρὰ
674 691 711 760 δὲ
733 695 790 778 τῆς
807 687 1031 781 Ἀθηναίους

30 790 168 872 πόλεως
185 788 223 862 τό
244 791 458 882 παράδειγμα
478 793 656 881 λαβόντες,
678 783 718 882 ἡς
729 796 889 882 μέγιστον
902 797 997 875 κλέος

9 913 14 944 ι
31 895 68 963 έν
78 889 245 983 Ἕλλησίν
260 897 339 981 ἐστι,
360 897 417 966 καὶ
433 893 488 964 διὰ
500 901 600 964 τούτο
614 892 690 983 οὐχ’
705 894 823 984 ἥκιστα
837 904 869 969 εί
880 895 927 986 μὴ
940 899 998 971 καὶ

28 995 179 1085 μάλιστα
202 994 239 1067 τὸ
257 1004 450 1087 πολίτευμα.
480 999 538 1068 καλ
557 997 595 1068 τό
609 1003 746 1087 πρᾶγμα
764 993 847 1087 ἡμῖν
859 1005 997 1069 πολλοῖν

28 1098 219 1188 γενόμενον
232 1097 374 1186 ἀγαθοῖν
395 1110 503 1171 αἴτιον
515 1096 587 1171 οὔτ’
609 1103 792 1190 ἐπίμεμψιν
804 1098 882 1170 ούτε
894 1128 995 1191 μετα·

29 1205 173 1290 μέλειαν
190 1196 234 1282 οῖς
251 1198 458 1292 ἡμαρτηκόσι
471 1205 585 1293 φέρει,
611 1201 706 1292 ἄρχει
719 1230 755 1272 τε
767 1205 826 1272 καὶ
838 1205 995 1291 βουλεύει
1013 1221 1048 1274 10

30 1305 87 1373 καὶ
98 1302 161 1384 τὰς
170 1302 273 1386 ἄλλας
286 1303 381 1394 τιμάς
391 1311 578 1394 καρποῦται
592 1302 673 1393 παρ’
690 1302 771 1394 ἡμῖν
783 1303 846 1393 ούχ
858 1302 994 1378 όπολλά

30 1405 185 1496 χρήματα
211 1411 412 1497 κεκτημένος
438 1405 518 1478 οὐδὲ
544 1404 726 1487 ὁπολλούς
752 1413 896 1495 πατέρας
922 1413 993 1480 έπι-
1043 1431 1049 1440 ’

31 1518 179 1600 χωρίσας
202 1513 364 1592 ἐπιδεῖξαι
386 1511 591 1599 δυνάμενος,
617 1507 697 1581 ἀλλ’
713 1506 805 1592 ὅστις
824 1507 868 1580 άν
880 1503 903 1600 ἡ
916 1512 992 1582 τού-

29 1605 99 1682 των
113 1617 185 1682 τῶν
197 1617 303 1702 τιμάν
322 1610 420 1696 άξιος.
460 1611 502 1682 ού
515 1611 581 1702 γάρ
599 1617 637 1684 έν
656 1611 749 1704 ἄλλῳ
767 1615 836 1684 τινὶ
849 1613 912 1702 τὴν
932 1613 992 1684 όν·

30 1723 215 1805 θρωπίνην
239 1711 414 1804 εύμένειαν
439 1712 605 1804 ὑπάρχειν
630 1722 823 1803 νομίζομεν,
851 1713 926 1785 ἀλλ’
956 1721 994 1788 έν
1012 1738 1045 1788 15

30 1815 146 1908 ἀρετῇ.
167 1815 186 1889 ό
199 1819 237 1889 δὲ
250 1817 348 1900 ἄλλος
360 1815 457 1908 ὄχλος
470 1824 564 1906 σεῖμα
574 1823 636 1907 τὴς
650 1816 778 1899 πόλεοῖς
790 1823 882 1891 ἐστιν
896 1819 994 1907 ίσχύν

32 1924 86 1993 καλ
109 1920 260 2011 δύναμιν
279 1938 349 2003 τοῖς
370 1930 612 2010 βουλευθεῖσιν
631 1917 699 1993 ὑπὸ
718 1928 789 1993 τοῖν
807 1932 994 2009 κρατίστων

32 2024 269 2112 παρεχόμενος.
303 2024 428 2115 μεγάλη
443 2053 480 2093 τε
493 2021 589 2114 ἡμοῖν
605 2021 737 2114 ἡπόλις
750 2029 787 2096 έκ
803 2032 924 2115 μικρᾶς
936 2029 994 2097 καὶ

32 2125 163 2215 φοβεροὶ
177 2141 246 2209 τοῖς
265 2135 447 2217 περιοίκοις
461 2130 494 2211 ἐξ
516 2124 812 2217 εὐκαταφρονήτου
833 2125 890 2197 διὰ
910 2128 992 2199 ταύ·

30 2256 91 2317 την
119 2226 184 2317 τὴν
209 2238 483 2318 φιλανθρωπίανΙ
498 2234 633 2317 γέγονε,
659 2236 717 2319 της
739 2257 775 2299 τε
801 2226 991 2319 ἡγεμονίας,
1009 2252 1044 2303 20

30 2327 118 2420 ὑπὲρ
146 2324 185 2420 ἧς
213 2336 282 2401 τοῖν
307 2330 420 2403 ἄλλων
448 2340 607 2403 Λατίνων
630 2330 744 2412 οὐδεὶς
772 2329 993 2403 ἀντιποιεῖται

31 2434 114 2521 πρὸς
136 2431 238 2525 ἡμᾶς,
263 2440 361 2506 τούτο
381 2432 552 2525 Ῥωμαίοις
570 2434 609 2506 τό
628 2444 812 2522 πολίτευμα
830 2426 931 2523 ἡρξεν
951 2425 994 2507 οιῖ
1099 2462 1109 2476 “

32 2536 73 2607 σύ
102 2537 315 2627 κατηγόρεις,
345 2529 584 2625 αῖΦονφέττιε.
624 2542 664 2607 έν
683 2536 773 2625 ίσχύι
792 2535 857 2627 γάρ
878 2535 994 2610 ὅπλων

31 2655 140 2711 κεῖται
159 2639 196 2711 τό
220 2646 286 2711 τοῖν
310 2639 442 2711 πόλεων
462 2639 585 2729 κράτος
592 2692 602 2727 ,
636 2636 721 2729 αύτη
742 2636 778 2707 δ’
799 2641 838 2709 έκ
858 2646 994 2713 πολλοῖν

32 2741 197 2831 σωμάτων
223 2750 368 2832 γίνεται·
396 2761 469 2824 ταῖς
490 2744 528 2813 δὲ
546 2758 681 2832 μικραῖς
700 2743 757 2811 καὶ
779 2739 991 2833 όλιγανθροῖ·
1009 2769 1043 2821 νε

32 2872 107 2927 ποις
128 2849 184 2917 καὶ
200 2844 256 2917 διὰ
269 2851 366 2915 τούτο
387 2844 569 2917 ἀσθενέσιν
588 2842 651 2915 ούκ
673 2853 765 2915 ἔστιν
787 2844 903 2934 άρχειν
923 2849 992 2917 ἑτέ·

9 2967 122 3039 ῖρων,
142 2946 217 3019 ἀλλ’
242 2946 319 3020 οὐδ’
342 2952 471 3020 ἑαυτοῖν
492 2946 617 3037 άρχειν.
657 2948 809 3019 καθόλου
831 2946 864 3017 δ’
887 2957 993 3040 ἔγωγε

33 3048 109 3123 τόθ’
133 3048 361 3141 ὑπολαμβάνω
389 3058 462 3122 δεῖν
480 3050 538 3133 τὰς
560 3052 685 3141 ἑτέρων
698 3050 875 3136 διασύρειν
896 3058 990 3119 πολιψ

34 3161 123 3235 τείας
136 3156 193 3225 καί
208 3152 270 3244 τὴν
280 3160 373 3225 ίδίαν
387 3158 556 3241 ἐπαινεῖν,
578 3151 662 3225 όταν
674 3182 724 3234 τις
738 3159 797 3241 ἔχη
812 3154 918 3234 δεῖξαι
930 3149 993 3241 τὴν
1091 3210 1094 3212 Α

34 3259 95 3347 μὲν
118 3260 238 3329 ἑαυτοῦ
253 3257 352 3329 πόλιν
364 3260 403 3329 έκ
417 3263 477 3327 τοιῖ
489 3264 595 3327 ταῦτα
616 3255 827 3345 ἐπιτηδεύειν
846 3252 868 3323 ἅ
888 3278 993 3343 φησιν
1010 3274 1045 3329 30

36 3358 220 3451 εὐδαίμονα
237 3363 293 3433 καὶ
314 3360 464 3449 μεγάλην
482 3352 610 3445 οὖσαν,
634 3356 693 3438 τός
714 3358 752 3427 δέ
772 3360 991 3445 διαβαλλομέ-

36 3493 95 3547 νας
113 3462 170 3537 ιῖιά
189 3462 226 3534 τό
242 3463 287 3555 μὴ
301 3470 406 3535 ταῦτα
420 3472 657 3554 προαιρεῖσθαι
674 3460 992 3593 κακοδαιμονούσας.

775 3569 813 3628 15
