2367 3850
428 115 656 178 -F-
952 119 1015 184 253

48 273 290 357 πιστεύσαντες
310 273 493 365 ἀληθεύειν
515 282 614 364 σφίσι
633 273 691 357 τάς
711 277 787 366 περλ
811 280 870 366 τῆς
891 283 1015 366 προδο-

47 387 126 458 σίας
149 375 342 466 ὑποσχέσεις
359 384 427 448 τοῖν
444 377 618 468 Ἀλβανόν
635 379 847 468 θρασύτερον
864 376 930 468 ἤδη
947 399 1017 462 τοῖς

41 477 499 570 Ῥωμαίοιςπροσεφέρουτο,
514 485 571 552 καὶ
583 480 621 552 τό
635 483 698 571 μὲν
710 481 822 566 δεξιόν
834 488 934 571 κέρας
947 490 1016 553 τῶν

41 579 221 672 Ῥωμαίων
241 587 454 676 ἐψιλοιμέυουΙ
471 590 530 674 τῆς
551 593 739 674 συμμαχίας
761 587 1016 675 παρερρήγνυτό

45 689 164 756 τεκαὶ
183 687 315 776 σφόδρα
342 690 474 775 ἐπόνει,
500 686 539 758 τό
560 686 593 758 δ’
612 687 788 776 εύάνυμον
809 686 873 758 άνά
895 687 1014 776 κράτος
1031 709 1048 758 5

46 787 249 878 ἠγωνίζετο,
270 797 356 860 ἐυθα
372 792 429 862 καλ
443 788 543 872 αὐτός
562 781 606 880 ἦν
624 788 642 861 ὁ
662 791 789 872 Τύλλος
803 794 922 872 ἐντοῖς
940 797 1012 862 ἐπι-

0 922 5 959 ;
47 895 181 972 λέκτοις
196 897 266 962 τῶν
286 895 416 964 ίππέοιν
432 893 628 981 μαχόμενος.
659 898 708 971 ’ἐν
730 894 767 964 δὲ
781 893 888 986 τούτῳ
909 914 1013 984 προσ-

47 995 175 1075 ελάσας
195 1023 245 1076 τις
263 994 383 1076 ἱππεύς
398 1011 467 1078 τοῖς
491 993 560 1085 ἅμα
581 1003 629 1093 τῷ
653 1005 786 1085 βασιλεῖ
804 1000 1014 1084 μαχομένοις,

45 1095 183 1186 Κάμνει
197 1097 234 1168 τό
250 1097 360 1182 δεξιόν
372 1096 453 1188 ἡμῖν
466 1103 581 1186 κέρας,
596 1107 738 1187 ἔφησεν,
754 1090 781 1167 ιλ
799 1097 916 1168 Τύλλε.
939 1097 1012 1168 Ἀλ-

46 1207 154 1289 βανοί
179 1229 215 1270 τε
233 1199 296 1291 γάρ
311 1201 503 1284 ἐκλιπόντες
529 1201 590 1290 τὴν
616 1201 710 1283 τάξιν
730 1203 786 1270 ἐπὶ
803 1200 844 1270 τά
864 1204 1012 1290 μετέωρα
1032 1221 1064 1272 10

47 1308 260 1392 ἐπείγονται,
276 1311 459 1393 Φιδηναίοί
468 1331 504 1374 τε
519 1302 602 1374 καθ’
615 1300 675 1384 οὓς
687 1307 810 1374 ἐκείνοι
824 1304 1013 1394 ἐτάχθησαν

45 1403 137 1494 ὑπὲρ
151 1409 287 1494 κέρατος
303 1405 397 1487 ὄντες
415 1413 476 1476 τού
488 1409 697 1496 ἐψιλωμένου
710 1412 920 1478 κυκλοῦσθαι
934 1409 1013 1496 μέλ-

47 1519 170 1580 λουσιν
189 1505 285 1598 ἡμᾶς.
325 1513 430 1578 ταῦτα
450 1507 659 1590 ἀκούσαντας
671 1508 750 1590 τούς
764 1506 944 1598 Ῥωμαίους
957 1512 1013 1580 καὶ

47 1612 186 1692 ἰδόντας
212 1611 273 1701 τὴν
301 1607 408 1702 ὁρμὴν
432 1617 502 1682 τόν
520 1610 693 1700 Ἀλβανεόν
717 1611 779 1700 τὴν
805 1615 860 1682 ἐπὶ
878 1611 916 1682 τό
936 1609 1014 1700 όρος

48 1722 152 1804 θείμα
166 1695 210 1796 άς
222 1716 548 1802 κυκλωθησομένους
562 1712 629 1786 ὑπὸ
642 1719 712 1784 τῶν
729 1722 899 1802 πολεμίων
911 1743 1012 1784 κατα·
1031 1737 1064 1788 15

47 1815 233 1906 λαμβάνει,
248 1814 333 1886 ὥστε
346 1815 604 1907 ούτεμάχεσθαι
617 1816 695 1888 οὔτε
708 1820 825 1906 μένειν
838 1813 952 1898 αύτοίς
966 1825 1014 1888 ἐτι

47 1922 157 2011 ἐπῄει.
167 1926 252 1991 ἔνθα
262 1919 412 2014 όησοφίηι
421 1925 550 2009 λέγεται
559 1917 1014 2010 χρησασθαιόΤύλλοςούόέν

46 2026 287 2112 ἐπιταραχθεὶς
297 2022 359 2113 τὴν
372 2024 527 2094 διάνοιαν
538 2020 604 2095 ὑπὸ
617 2024 778 2095 τοσούτου
791 2053 827 2093 τε
841 2026 897 2094 καλ
907 2022 1014 2102 οὕτως

46 2126 305 2215 ἀπροσδοκήτου
320 2129 484 2213 φανέντος
493 2134 618 2214 κακοῦ,
633 2123 681 2196 δι’
690 2124 732 2215 ἢν
742 2124 782 2197 ού
792 2126 897 2215 μόνον
909 2132 1013 2197 ἐσιοσε

46 2229 112 2319 την
130 2226 301 2317 Ῥωμαίων
314 2228 474 2317 στρατιάν
494 2236 541 2310 είς
561 2222 735 2318 προῦπτον
757 2230 1012 2317 κατακεκλειμέ·
1030 2252 1066 2303 20

47 2361 116 2421 υην
136 2330 298 2421 ὄλεθρον,
321 2329 405 2403 άλλά
425 2335 481 2403 καὶ
494 2331 534 2425 τά
556 2328 625 2401 τῶν
647 2338 817 2421 πολεμίων
836 2331 1013 2420 πράγματα

48 2436 229 2524 σύμπαντα
237 2437 419 2521 συνέτριψέ
423 2465 466 2521 ,τε
481 2439 536 2505 καλ
546 2438 749 2522 διέφθειρεν.
766 2429 1014 2523 όςγάρῆκονσε

6 2559 25 2598 2⁴
50 2544 114 2608 τοῦ
135 2537 280 2628 άγγέλου
294 2539 422 2629 μεγάλη
443 2544 544 2628 φωνῇ
562 2539 747 2628 χριόμενος,
768 2535 923 2607 ὥστεκαὶ
936 2535 1014 2618 τούς

50 2648 233 2731 πολεμίους
251 2639 405 2727 άκούειυ,
421 2647 638 2731 Κρατοῦμεν,
661 2642 774 2728 εἶπεν,
796 2638 919 2729 ἄνδρες
934 2635 1013 2709 Ῥοι-

50 2758 163 2833 μαῖοι,
182 2748 251 2811 τῶν
271 2746 414 2833 ἐχθρόν.
454 2742 610 2833 Ἀλβανοί
628 2742 693 2832 γάρ
714 2741 851 2833 ἡμῖντὸ
871 2750 1014 2832 πλησίον
1031 2758 1065 2810 25

50 2844 128 2933 ὅρος
150 2852 248 2916 τοῦτο
275 2846 534 2935 κατειλήφασιν,
563 2846 676 2936 ὥσπερ
703 2843 819 2939 ὁρᾶτε,
846 2845 929 2918 κατὰ
958 2844 1016 2925 τὰς

50 2947 132 3039 ἐμάς
150 2947 301 3034 ἐντολάς,
323 2954 380 3019 ἵνα
405 2949 490 3019 κατά
509 2950 620 3021 νότου
633 2950 809 3040 γενόμενοι
829 2957 898 3019 τόν
915 2957 1015 3017 πολε-

50 3060 139 3141 μίοιν
167 3056 305 3122 ἐπίωσιν
336 3050 459 3134 αὐτοῖς.
514 3056 767 3143 ἐνθυμηθέντες
799 3043 862 3121 οὖν
894 3049 945 3119 ὅτι
979 3054 1016 3119 ἐν

51 3160 146 3250 καλῷ
172 3153 251 3235 τούς
280 3160 453 3244 ἐχθίστους
479 3152 560 3245 ἡμῖν
592 3163 731 3246 ἔχομεν,
756 3160 801 3225 ὀί
832 3152 894 3239 μὲν
920 3147 1031 3221 άντι-’

52 3286 136 3347 κρυς
165 3256 332 3346 ἐπιόντες,
365 3264 400 3328 οί
426 3260 462 3329 δὲ
492 3259 652 3346 κατόπιν,
685 3265 772 3329 ἔνθα
798 3253 876 3325 οὔτε
902 3254 1016 3345 πρόσω
1033 3275 1068 3327 σο

52 3377 179 3450 χωρεῖν
203 3358 276 3431 οὔτ’
295 3358 401 3433 όπίσοι
429 3365 644 3451 ἐπιστρέφειν
671 3360 854 3448 δυνάμενοι
880 3362 1016 3451 ποταμῷ

52 3493 88 3535 τε
118 3467 175 3535 καὶ
202 3462 273 3555 ὄρει
296 3468 333 3535 ἐκ
358 3470 428 3535 τόν
450 3472 605 3554 πλαγίων
628 3461 884 3551 ἀποκλειόμενοι
909 3458 1017 3550 καλὴν
