<?xml version="1.0" encoding="UTF-8"?>
<!DOCTYPE html PUBLIC "-//W3C//DTD XHTML 1.0 Transitional//EN"
    "http://www.w3.org/TR/xhtml1/DTD/xhtml1-transitional.dtd">
<html xmlns="http://www.w3.org/1999/xhtml" xml:lang="en" lang="en">
 <head>
  <title>
</title>
<meta http-equiv="Content-Type" content="text/html;charset=utf-8" />
  <meta name='ocr-system' content='tesseract 3.04.00' />
  <meta name='ocr-capabilities' content='ocr_page ocr_carea ocr_par ocr_line ocrx_word'/>
</head>
<body>
  <div class='ocr_page' id='page_1' title='image "./dionysihalicarn00kiesgoog/dionysihalicarn00kiesgoog_0327.png"; bbox 0 0 2367 3850; ppageno 0'>
   <div class='ocr_carea' id='block_1_1' title="bbox 418 3 1008 226">
    <p class='ocr_par' dir='ltr' id='par_1_1' title="bbox 418 3 1008 226">
     <span class='ocr_line' id='line_1_1' title="bbox 542 3 564 58; baseline 0 0"><span class='ocrx_word' id='word_1_1' title='bbox 542 3 564 58; x_wconf 72' lang='grc' dir='ltr'>Ο</span> 
     </span>
     <span class='ocr_line' id='line_1_2' title="bbox 418 159 1008 226; baseline 0.005 -4"><span class='ocrx_word' id='word_1_2' title='bbox 418 191 462 204; x_wconf 86' lang='grc'><strong><em>-·</em></strong></span> <span class='ocrx_word' id='word_1_3' title='bbox 519 159 645 222; x_wconf 79' lang='lat' dir='ltr'><strong><em>P·-</em></strong></span> <span class='ocrx_word' id='word_1_4' title='bbox 944 163 1008 226; x_wconf 77' lang='lat'><strong><em>257</em></strong></span> 
     </span>
    </p>
   </div>
   <div class='ocr_carea' id='block_1_2' title="bbox 2 316 1149 3675">
    <p class='ocr_par' dir='ltr' id='par_1_2' title="bbox 2 316 1149 3675">
     <span class='ocr_line' id='line_1_3' title="bbox 33 316 1006 415; baseline 0.001 -23"><span class='ocrx_word' id='word_1_5' title='bbox 33 323 176 408; x_wconf 77' lang='grc' dir='ltr'><strong><em>φδέντα</em></strong></span> <span class='ocrx_word' id='word_1_6' title='bbox 195 322 233 390; x_wconf 85' lang='grc' dir='ltr'><strong><em>ἐκ</em></strong></span> <span class='ocrx_word' id='word_1_7' title='bbox 245 323 315 390; x_wconf 88' lang='grc' dir='ltr'><strong><em>τῶν</em></strong></span> <span class='ocrx_word' id='word_1_8' title='bbox 332 321 507 410; x_wconf 78' lang='grc' dir='ltr'><strong><em>τριδύμων</em></strong></span> <span class='ocrx_word' id='word_1_9' title='bbox 519 322 576 391; x_wconf 79' lang='grc' dir='ltr'><strong><em>καὶ</em></strong></span> <span class='ocrx_word' id='word_1_10' title='bbox 594 319 676 402; x_wconf 82' lang='grc' dir='ltr'><strong><em>δοός</em></strong></span> <span class='ocrx_word' id='word_1_11' title='bbox 687 316 781 415; x_wconf 72' lang='grc' dir='ltr'><strong><em>αὐτῷ</em></strong></span> <span class='ocrx_word' id='word_1_12' title='bbox 792 324 862 392; x_wconf 90' lang='grc' dir='ltr'><strong><em>τῶν</em></strong></span> <span class='ocrx_word' id='word_1_13' title='bbox 875 324 1006 393; x_wconf 85' lang='grc' dir='ltr'><strong><em>ίππέων</em></strong></span> 
     </span>
     <span class='ocr_line' id='line_1_4' title="bbox 33 422 1005 514; baseline 0.002 -22"><span class='ocrx_word' id='word_1_14' title='bbox 33 426 95 492; x_wconf 86' lang='grc' dir='ltr'><strong><em>καὶ</em></strong></span> <span class='ocrx_word' id='word_1_15' title='bbox 113 428 184 494; x_wconf 88' lang='grc' dir='ltr'><strong><em>τῶν</em></strong></span> <span class='ocrx_word' id='word_1_16' title='bbox 198 427 306 507; x_wconf 78' lang='grc' dir='ltr'><strong><em>πεζῶν</em></strong></span> <span class='ocrx_word' id='word_1_17' title='bbox 318 422 396 505; x_wconf 85' lang='grc' dir='ltr'><strong><em>τούς</em></strong></span> <span class='ocrx_word' id='word_1_18' title='bbox 409 422 652 514; x_wconf 79' lang='grc' dir='ltr'><strong><em>ἀκμαιοτάτους</em></strong></span> <span class='ocrx_word' id='word_1_19' title='bbox 670 424 848 495; x_wconf 86' lang='grc' dir='ltr'><strong><em>ἐκέλευσεν</em></strong></span> <span class='ocrx_word' id='word_1_20' title='bbox 867 426 922 494; x_wconf 82' lang='grc' dir='ltr'><strong><em>ἐπὶ</em></strong></span> <span class='ocrx_word' id='word_1_21' title='bbox 942 423 1005 513; x_wconf 82' lang='grc' dir='ltr'><strong><em>τήν</em></strong></span> 
     </span>
     <span class='ocr_line' id='line_1_5' title="bbox 5 523 1005 616; baseline 0.005 -24"><span class='ocrx_word' id='word_1_22' title='bbox 5 539 17 592; x_wconf 77' lang='grc' dir='ltr'><strong><em>δ</em></strong></span> <span class='ocrx_word' id='word_1_23' title='bbox 32 523 213 614; x_wconf 82' lang='grc' dir='ltr'><strong><em>Ἀλβανῶν</em></strong></span> <span class='ocrx_word' id='word_1_24' title='bbox 227 525 326 596; x_wconf 89' lang='grc' dir='ltr'><strong><em>πόλιν</em></strong></span> <span class='ocrx_word' id='word_1_25' title='bbox 343 523 455 616; x_wconf 77' lang='grc' dir='ltr'><strong><em>ἄγειν,</em></strong></span> <span class='ocrx_word' id='word_1_26' title='bbox 477 527 694 616; x_wconf 79' lang='grc' dir='ltr'><strong><em>παρελθόντα</em></strong></span> <span class='ocrx_word' id='word_1_27' title='bbox 714 524 748 596; x_wconf 86' lang='grc' dir='ltr'><strong><em>δ’</em></strong></span> <span class='ocrx_word' id='word_1_28' title='bbox 764 526 858 608; x_wconf 89' lang='grc' dir='ltr'><strong><em>ἐντός</em></strong></span> <span class='ocrx_word' id='word_1_29' title='bbox 874 533 1005 614; x_wconf 77' lang='grc' dir='ltr'><strong><em>τείχους</em></strong></span> 
     </span>
     <span class='ocr_line' id='line_1_6' title="bbox 34 625 1002 720; baseline 0.001 -21"><span class='ocrx_word' id='word_1_30' title='bbox 34 625 79 710; x_wconf 87' lang='grc' dir='ltr'><strong><em>ῶς</em></strong></span> <span class='ocrx_word' id='word_1_31' title='bbox 106 637 212 717; x_wconf 90' lang='grc' dir='ltr'><strong><em>φίλον</em></strong></span> <span class='ocrx_word' id='word_1_32' title='bbox 224 625 323 715; x_wconf 86' lang='grc' dir='ltr'><strong><em>όντα,</em></strong></span> <span class='ocrx_word' id='word_1_33' title='bbox 350 627 432 700; x_wconf 85' lang='grc' dir='ltr'><strong><em>όταν</em></strong></span> <span class='ocrx_word' id='word_1_34' title='bbox 450 625 665 718; x_wconf 74' lang='grc' dir='ltr'><strong><em>ὑποχειρίους</em></strong></span> <span class='ocrx_word' id='word_1_35' title='bbox 687 629 773 720; x_wconf 87' lang='grc' dir='ltr'><strong><em>λάβη</em></strong></span> <span class='ocrx_word' id='word_1_36' title='bbox 793 629 871 709; x_wconf 82' lang='grc' dir='ltr'><strong><em>τούς</em></strong></span> <span class='ocrx_word' id='word_1_37' title='bbox 890 635 1002 719; x_wconf 84' lang='grc' dir='ltr'><strong><em>ἐυδον,</em></strong></span> 
     </span>
     <span class='ocr_line' id='line_1_7' title="bbox 32 729 1036 822; baseline -0.002 -20"><span class='ocrx_word' id='word_1_38' title='bbox 32 740 202 802; x_wconf 78' lang='grc' dir='ltr'><strong><em>καθελεῖν</em></strong></span> <span class='ocrx_word' id='word_1_39' title='bbox 212 729 273 820; x_wconf 87' lang='grc' dir='ltr'><strong><em>τήν</em></strong></span> <span class='ocrx_word' id='word_1_40' title='bbox 283 731 382 802; x_wconf 89' lang='grc' dir='ltr'><strong><em>πόλιν</em></strong></span> <span class='ocrx_word' id='word_1_41' title='bbox 393 729 469 822; x_wconf 87' lang='grc' dir='ltr'><strong><em>άχρι</em></strong></span> <span class='ocrx_word' id='word_1_42' title='bbox 482 737 652 821; x_wconf 77' lang='grc' dir='ltr'><strong><em>θεμελίων</em></strong></span> <span class='ocrx_word' id='word_1_43' title='bbox 661 731 806 821; x_wconf 87' lang='grc' dir='ltr'><strong><em>μηδενός</em></strong></span> <span class='ocrx_word' id='word_1_44' title='bbox 817 732 899 822; x_wconf 89' lang='grc' dir='ltr'><strong><em>μήτε</em></strong></span> <span class='ocrx_word' id='word_1_45' title='bbox 912 738 1003 804; x_wconf 83' lang='grc' dir='ltr'><strong><em>ἰδίου</em></strong></span> <span class='ocrx_word' id='word_1_46' title='bbox 1019 750 1036 800; x_wconf 80' lang='lat'><strong>5</strong></span> 
     </span>
     <span class='ocr_line' id='line_1_8' title="bbox 32 832 1003 924; baseline 0.001 -21"><span class='ocrx_word' id='word_1_47' title='bbox 32 834 122 923; x_wconf 89' lang='grc' dir='ltr'><strong><em>μήτε</em></strong></span> <span class='ocrx_word' id='word_1_48' title='bbox 135 837 252 904; x_wconf 84' lang='grc' dir='ltr'><strong><em>κοινοῦ</em></strong></span> <span class='ocrx_word' id='word_1_49' title='bbox 265 832 575 923; x_wconf 73' lang='grc' dir='ltr'><strong><em>κατασκευάσματος</em></strong></span> <span class='ocrx_word' id='word_1_50' title='bbox 588 835 793 924; x_wconf 74' lang='grc' dir='ltr'><strong><em>φειδόμενον</em></strong></span> <span class='ocrx_word' id='word_1_51' title='bbox 805 839 868 918; x_wconf 82' lang='grc' dir='ltr'><strong><em>ἐξω</em></strong></span> <span class='ocrx_word' id='word_1_52' title='bbox 876 840 946 905; x_wconf 86' lang='grc' dir='ltr'><strong><em>τῶν</em></strong></span> <span class='ocrx_word' id='word_1_53' title='bbox 958 840 1003 905; x_wconf 65' lang='grc' dir='ltr'><strong><em>ίε.</em></strong></span> 
     </span>
     <span class='ocr_line' id='line_1_9' title="bbox 33 933 1002 1027; baseline 0.002 -21"><span class='ocrx_word' id='word_1_54' title='bbox 33 943 122 1025; x_wconf 88' lang='grc' dir='ltr'><strong><em>ρῶν,</em></strong></span> <span class='ocrx_word' id='word_1_55' title='bbox 131 933 326 1025; x_wconf 74' lang='grc' dir='ltr'><strong><em>ἀνθρώπων</em></strong></span> <span class='ocrx_word' id='word_1_56' title='bbox 333 937 373 1006; x_wconf 77' lang='grc' dir='ltr'><strong><em>δέ</em></strong></span> <span class='ocrx_word' id='word_1_57' title='bbox 380 937 513 1026; x_wconf 75' lang='grc' dir='ltr'><strong><em>μηθένα</em></strong></span> <span class='ocrx_word' id='word_1_58' title='bbox 522 935 605 1027; x_wconf 89' lang='grc' dir='ltr'><strong><em>μήτε</em></strong></span> <span class='ocrx_word' id='word_1_59' title='bbox 615 944 761 1008; x_wconf 84' lang='grc' dir='ltr'><strong><em>κτείνειν</em></strong></span> <span class='ocrx_word' id='word_1_60' title='bbox 772 935 1002 1027; x_wconf 86' lang='grc' dir='ltr'><strong><em>μήτεάδικείν,</em></strong></span> 
     </span>
     <span class='ocr_line' id='line_1_10' title="bbox 32 1037 1003 1129; baseline 0.002 -21"><span class='ocrx_word' id='word_1_61' title='bbox 32 1037 125 1110; x_wconf 81' lang='grc' dir='ltr'><strong><em>ἄλλά</em></strong></span> <span class='ocrx_word' id='word_1_62' title='bbox 136 1038 263 1119; x_wconf 78' lang='grc' dir='ltr'><strong><em>πάντας</em></strong></span> <span class='ocrx_word' id='word_1_63' title='bbox 273 1042 333 1110; x_wconf 86' lang='grc' dir='ltr'><strong><em>ἐᾶν</em></strong></span> <span class='ocrx_word' id='word_1_64' title='bbox 346 1047 436 1127; x_wconf 79' lang='grc' dir='ltr'><strong><em>ἔχειν</em></strong></span> <span class='ocrx_word' id='word_1_65' title='bbox 448 1037 488 1110; x_wconf 82' lang='grc' dir='ltr'><strong><em>τά</em></strong></span> <span class='ocrx_word' id='word_1_66' title='bbox 497 1043 636 1110; x_wconf 82' lang='grc' dir='ltr'><strong><em>ἑαυτῶν.</em></strong></span> <span class='ocrx_word' id='word_1_67' title='bbox 650 1041 821 1129; x_wconf 73' lang='grc' dir='ltr'><strong><em>ἐκπέμψας</em></strong></span> <span class='ocrx_word' id='word_1_68' title='bbox 830 1041 868 1110; x_wconf 69' lang='grc' dir='ltr'><strong><em>δὲ</em></strong></span> <span class='ocrx_word' id='word_1_69' title='bbox 882 1044 1003 1110; x_wconf 78' lang='grc' dir='ltr'><strong><em>τοῦτον</em></strong></span> 
     </span>
     <span class='ocr_line' id='line_1_11' title="bbox 35 1139 1001 1231; baseline 0 -19"><span class='ocrx_word' id='word_1_70' title='bbox 35 1142 156 1212; x_wconf 89' lang='grc' dir='ltr'><strong><em>ἐκάλει</em></strong></span> <span class='ocrx_word' id='word_1_71' title='bbox 168 1139 246 1222; x_wconf 79' lang='grc' dir='ltr'><strong><em>τοὺς</em></strong></span> <span class='ocrx_word' id='word_1_72' title='bbox 259 1141 455 1231; x_wconf 81' lang='grc' dir='ltr'><strong><em>ταξιάρχους</em></strong></span> <span class='ocrx_word' id='word_1_73' title='bbox 468 1143 526 1212; x_wconf 85' lang='grc' dir='ltr'><strong><em>καί</em></strong></span> <span class='ocrx_word' id='word_1_74' title='bbox 544 1141 708 1231; x_wconf 81' lang='grc' dir='ltr'><strong><em>λοχαγοός</em></strong></span> <span class='ocrx_word' id='word_1_75' title='bbox 727 1139 784 1212; x_wconf 84' lang='grc' dir='ltr'><strong><em>καί</em></strong></span> <span class='ocrx_word' id='word_1_76' title='bbox 804 1141 845 1212; x_wconf 85' lang='grc' dir='ltr'><strong><em>τά</em></strong></span> <span class='ocrx_word' id='word_1_77' title='bbox 859 1142 1001 1226; x_wconf 84' lang='grc' dir='ltr'><strong><em>δόξαντα</em></strong></span> 
     </span>
     <span class='ocr_line' id='line_1_12' title="bbox 33 1244 1053 1335; baseline -0.001 -22"><span class='ocrx_word' id='word_1_78' title='bbox 33 1249 76 1335; x_wconf 84' lang='grc' dir='ltr'><strong><em>τῇ</em></strong></span> <span class='ocrx_word' id='word_1_79' title='bbox 97 1249 210 1333; x_wconf 82' lang='grc' dir='ltr'><strong><em>βουλῇ</em></strong></span> <span class='ocrx_word' id='word_1_80' title='bbox 229 1244 439 1334; x_wconf 76' lang='grc' dir='ltr'><strong><em>διασαφήσας</em></strong></span> <span class='ocrx_word' id='word_1_81' title='bbox 459 1244 617 1335; x_wconf 81' lang='grc' dir='ltr'><strong><em>φυλακήν</em></strong></span> <span class='ocrx_word' id='word_1_82' title='bbox 636 1248 674 1314; x_wconf 91' lang='grc' dir='ltr'><strong><em>ἐκ</em></strong></span> <span class='ocrx_word' id='word_1_83' title='bbox 692 1244 822 1316; x_wconf 81' lang='grc' dir='ltr'><strong><em>τούτων</em></strong></span> <span class='ocrx_word' id='word_1_84' title='bbox 837 1251 999 1316; x_wconf 77' lang='grc' dir='ltr'><strong><em>καθίστα·</em></strong></span> <span class='ocrx_word' id='word_1_85' title='bbox 1020 1263 1053 1313; x_wconf 80' lang='lat'><strong><em>10</em></strong></span> 
     </span>
     <span class='ocr_line' id='line_1_13' title="bbox 34 1343 1002 1437; baseline 0.001 -19"><span class='ocrx_word' id='word_1_86' title='bbox 34 1377 91 1418; x_wconf 92' lang='grc' dir='ltr'><strong><em>ται</em></strong></span> <span class='ocrx_word' id='word_1_87' title='bbox 108 1349 186 1436; x_wconf 83' lang='grc' dir='ltr'><strong><em>περί</em></strong></span> <span class='ocrx_word' id='word_1_88' title='bbox 199 1345 236 1416; x_wconf 88' lang='grc' dir='ltr'><strong><em>τό</em></strong></span> <span class='ocrx_word' id='word_1_89' title='bbox 251 1352 360 1436; x_wconf 88' lang='grc' dir='ltr'><strong><em>σῶμα·</em></strong></span> <span class='ocrx_word' id='word_1_90' title='bbox 375 1345 513 1436; x_wconf 84' lang='grc' dir='ltr'><strong><em>καίμετ’</em></strong></span> <span class='ocrx_word' id='word_1_91' title='bbox 523 1344 565 1418; x_wconf 84' lang='grc' dir='ltr'><strong><em>οό</em></strong></span> <span class='ocrx_word' id='word_1_92' title='bbox 580 1346 667 1418; x_wconf 84' lang='grc' dir='ltr'><strong><em>πολό</em></strong></span> <span class='ocrx_word' id='word_1_93' title='bbox 680 1352 793 1437; x_wconf 84' lang='grc' dir='ltr'><strong><em>παρήν</em></strong></span> <span class='ocrx_word' id='word_1_94' title='bbox 808 1343 827 1417; x_wconf 86' lang='grc' dir='ltr'><strong><em>ό</em></strong></span> <span class='ocrx_word' id='word_1_95' title='bbox 843 1345 1002 1435; x_wconf 83' lang='grc' dir='ltr'><strong><em>Ἀλβανὸς</em></strong></span> 
     </span>
     <span class='ocr_line' id='line_1_14' title="bbox 35 1448 999 1545; baseline -0.001 -25"><span class='ocrx_word' id='word_1_96' title='bbox 35 1448 80 1530; x_wconf 85' lang='grc' dir='ltr'><strong><em>ῶς</em></strong></span> <span class='ocrx_word' id='word_1_97' title='bbox 97 1450 153 1518; x_wconf 79' lang='grc' dir='ltr'><strong><em>ἐπὶ</em></strong></span> <span class='ocrx_word' id='word_1_98' title='bbox 166 1449 321 1537; x_wconf 84' lang='grc' dir='ltr'><strong><em>νικήματι</em></strong></span> <span class='ocrx_word' id='word_1_99' title='bbox 337 1454 443 1544; x_wconf 75' lang='grc' dir='ltr'><strong><em>κοινῷ</em></strong></span> <span class='ocrx_word' id='word_1_100' title='bbox 455 1448 611 1540; x_wconf 80' lang='grc' dir='ltr'><strong><em>γεγηθῶς</em></strong></span> <span class='ocrx_word' id='word_1_101' title='bbox 630 1453 687 1521; x_wconf 81' lang='grc' dir='ltr'><strong><em>καί</em></strong></span> <span class='ocrx_word' id='word_1_102' title='bbox 698 1456 745 1545; x_wconf 75' lang='grc' dir='ltr'><strong><em>τῷ</em></strong></span> <span class='ocrx_word' id='word_1_103' title='bbox 764 1450 882 1545; x_wconf 84' lang='grc' dir='ltr'><strong><em>Τόλλφ</em></strong></span> <span class='ocrx_word' id='word_1_104' title='bbox 895 1470 999 1539; x_wconf 91' lang='grc' dir='ltr'><strong><em>συνη-</em></strong></span> 
     </span>
     <span class='ocr_line' id='line_1_15' title="bbox 33 1548 999 1643; baseline -0.001 -20"><span class='ocrx_word' id='word_1_105' title='bbox 33 1553 191 1641; x_wconf 85' lang='grc' dir='ltr'><strong><em>δόμενος.</em></strong></span> <span class='ocrx_word' id='word_1_106' title='bbox 216 1548 282 1622; x_wconf 83' lang='grc' dir='ltr'><strong><em>όδέ</em></strong></span> <span class='ocrx_word' id='word_1_107' title='bbox 300 1552 427 1633; x_wconf 87' lang='grc' dir='ltr'><strong><em>Τόλλος</em></strong></span> <span class='ocrx_word' id='word_1_108' title='bbox 439 1550 629 1643; x_wconf 79' lang='grc' dir='ltr'><strong><em>ἀπόρρητον</em></strong></span> <span class='ocrx_word' id='word_1_109' title='bbox 641 1551 703 1640; x_wconf 84' lang='grc' dir='ltr'><strong><em>τήν</em></strong></span> <span class='ocrx_word' id='word_1_110' title='bbox 715 1552 855 1642; x_wconf 85' lang='grc' dir='ltr'><strong><em>γνῶμην</em></strong></span> <span class='ocrx_word' id='word_1_111' title='bbox 867 1561 917 1623; x_wconf 82' lang='grc' dir='ltr'><strong><em>ἐτι</em></strong></span> <span class='ocrx_word' id='word_1_112' title='bbox 930 1580 999 1641; x_wconf 89' lang='grc' dir='ltr'><strong><em>φυ-</em></strong></span> 
     </span>
     <span class='ocr_line' id='line_1_16' title="bbox 35 1652 1002 1745; baseline -0.002 -20"><span class='ocrx_word' id='word_1_113' title='bbox 35 1656 171 1725; x_wconf 83' lang='grc' dir='ltr'><strong><em>λάττων</em></strong></span> <span class='ocrx_word' id='word_1_114' title='bbox 194 1653 311 1744; x_wconf 87' lang='grc' dir='ltr'><strong><em>ἐπήνει</em></strong></span> <span class='ocrx_word' id='word_1_115' title='bbox 323 1682 359 1724; x_wconf 88' lang='grc' dir='ltr'><strong><em>τε</em></strong></span> <span class='ocrx_word' id='word_1_116' title='bbox 374 1652 478 1726; x_wconf 85' lang='grc' dir='ltr'><strong><em>αότόυ</em></strong></span> <span class='ocrx_word' id='word_1_117' title='bbox 491 1658 546 1726; x_wconf 79' lang='grc' dir='ltr'><strong><em>καί</em></strong></span> <span class='ocrx_word' id='word_1_118' title='bbox 560 1654 716 1745; x_wconf 87' lang='grc' dir='ltr'><strong><em>μεγάλων</em></strong></span> <span class='ocrx_word' id='word_1_119' title='bbox 727 1653 822 1738; x_wconf 79' lang='grc' dir='ltr'><strong><em>άξιον</em></strong></span> <span class='ocrx_word' id='word_1_120' title='bbox 834 1652 1002 1742; x_wconf 75' lang='grc' dir='ltr'><strong><em>ἀπέφαινε</em></strong></span> 
     </span>
     <span class='ocr_line' id='line_1_17' title="bbox 37 1754 1052 1848; baseline 0 -20"><span class='ocrx_word' id='word_1_121' title='bbox 37 1761 181 1846; x_wconf 88' lang='grc' dir='ltr'><strong><em>δωρεῶν</em></strong></span> <span class='ocrx_word' id='word_1_122' title='bbox 202 1757 381 1845; x_wconf 85' lang='grc' dir='ltr'><strong><em>παρεκάλει</em></strong></span> <span class='ocrx_word' id='word_1_123' title='bbox 396 1754 437 1827; x_wconf 82' lang='grc' dir='ltr'><strong><em>’τε</em></strong></span> <span class='ocrx_word' id='word_1_124' title='bbox 458 1755 635 1848; x_wconf 80' lang='grc' dir='ltr'><strong><em>γράψαντα</em></strong></span> <span class='ocrx_word' id='word_1_125' title='bbox 661 1755 717 1828; x_wconf 82' lang='grc' dir='ltr'><strong><em>καί</em></strong></span> <span class='ocrx_word' id='word_1_126' title='bbox 737 1756 779 1827; x_wconf 83' lang='grc' dir='ltr'><strong><em>τά</em></strong></span> <span class='ocrx_word' id='word_1_127' title='bbox 799 1761 868 1828; x_wconf 90' lang='grc' dir='ltr'><strong><em>τῶν</em></strong></span> <span class='ocrx_word' id='word_1_128' title='bbox 888 1754 1002 1828; x_wconf 84' lang='grc' dir='ltr'><strong><em>άλλων</em></strong></span> <span class='ocrx_word' id='word_1_129' title='bbox 1020 1777 1052 1828; x_wconf 72' lang='grc'><strong><em>15</em></strong></span> 
     </span>
     <span class='ocr_line' id='line_1_18' title="bbox 30 1857 1003 1951; baseline 0 -20"><span class='ocrx_word' id='word_1_130' title='bbox 30 1858 208 1949; x_wconf 78' lang='grc' dir='ltr'><strong><em>Ἀλβανῶν</em></strong></span> <span class='ocrx_word' id='word_1_131' title='bbox 230 1857 376 1949; x_wconf 87' lang='grc' dir='ltr'><strong><em>ὀνόματα</em></strong></span> <span class='ocrx_word' id='word_1_132' title='bbox 397 1865 467 1930; x_wconf 90' lang='grc' dir='ltr'><strong><em>τῶν</em></strong></span> <span class='ocrx_word' id='word_1_133' title='bbox 490 1863 696 1949; x_wconf 87' lang='grc' dir='ltr'><strong><em>ἐπιφανέςτι</em></strong></span> <span class='ocrx_word' id='word_1_134' title='bbox 720 1857 879 1950; x_wconf 83' lang='grc' dir='ltr'><strong><em>κατάτήν</em></strong></span> <span class='ocrx_word' id='word_1_135' title='bbox 894 1861 1003 1951; x_wconf 86' lang='grc' dir='ltr'><strong><em>μάχην</em></strong></span> 
     </span>
     <span class='ocr_line' id='line_1_19' title="bbox 37 1958 1002 2053; baseline -0.001 -20"><span class='ocrx_word' id='word_1_136' title='bbox 37 1958 318 2051; x_wconf 80' lang='grc' dir='ltr'><strong><em>διαπραξαμένων</em></strong></span> <span class='ocrx_word' id='word_1_137' title='bbox 331 1964 449 2051; x_wconf 85' lang='grc' dir='ltr'><strong><em>φέρειν</em></strong></span> <span class='ocrx_word' id='word_1_138' title='bbox 463 1960 507 2043; x_wconf 86' lang='grc' dir='ltr'><strong><em>ῶς</em></strong></span> <span class='ocrx_word' id='word_1_139' title='bbox 521 1962 642 2050; x_wconf 81' lang='grc' dir='ltr'><strong><em>αὐτόν,</em></strong></span> <span class='ocrx_word' id='word_1_140' title='bbox 657 1970 714 2034; x_wconf 79' lang='grc' dir='ltr'><strong><em>ἵνα</em></strong></span> <span class='ocrx_word' id='word_1_141' title='bbox 726 1961 877 2034; x_wconf 80' lang='grc' dir='ltr'><strong><em>κάκείνοι</em></strong></span> <span class='ocrx_word' id='word_1_142' title='bbox 890 1963 951 2053; x_wconf 85' lang='grc' dir='ltr'><strong><em>τήν</em></strong></span> <span class='ocrx_word' id='word_1_143' title='bbox 964 1966 1002 2033; x_wconf 94' lang='grc' dir='ltr'><strong><em>ἐκ</em></strong></span> 
     </span>
     <span class='ocr_line' id='line_1_20' title="bbox 37 2063 1149 2155; baseline -0.007 -18"><span class='ocrx_word' id='word_1_144' title='bbox 37 2063 547 2154; x_wconf 88' lang='grc' dir='ltr'><strong><em>τῶνέπινικίωνάπενέγκωνται</em></strong></span> <span class='ocrx_word' id='word_1_145' title='bbox 561 2082 692 2155; x_wconf 76' lang='grc' dir='ltr'><strong><em>μοίραυ.</em></strong></span> <span class='ocrx_word' id='word_1_146' title='bbox 713 2063 1001 2155; x_wconf 74' lang='grc' dir='ltr'><strong><em>όμδνδήπεριχα-</em></strong></span> <span class='ocrx_word' id='word_1_147' title='bbox 1124 2099 1149 2129; x_wconf 79' lang='lat'><strong><em>=.</em></strong></span> 
     </span>
     <span class='ocr_line' id='line_1_21' title="bbox 38 2162 1001 2260; baseline -0.001 -23"><span class='ocrx_word' id='word_1_148' title='bbox 38 2168 100 2260; x_wconf 82' lang='grc' dir='ltr'><strong><em>ρής</em></strong></span> <span class='ocrx_word' id='word_1_149' title='bbox 113 2162 294 2257; x_wconf 85' lang='grc' dir='ltr'><strong><em>γενόμενος</em></strong></span> <span class='ocrx_word' id='word_1_150' title='bbox 310 2166 389 2249; x_wconf 83' lang='grc' dir='ltr'><strong><em>νοός</em></strong></span> <span class='ocrx_word' id='word_1_151' title='bbox 400 2168 616 2250; x_wconf 86' lang='grc' dir='ltr'><strong><em>πιστοτάτους</em></strong></span> <span class='ocrx_word' id='word_1_152' title='bbox 626 2174 831 2256; x_wconf 89' lang='grc' dir='ltr'><strong><em>τῶνφίλων,</em></strong></span> <span class='ocrx_word' id='word_1_153' title='bbox 847 2164 897 2247; x_wconf 81' lang='grc' dir='ltr'><strong><em>οἷς</em></strong></span> <span class='ocrx_word' id='word_1_154' title='bbox 905 2167 1001 2257; x_wconf 85' lang='grc' dir='ltr'><strong><em>ἐχρή-</em></strong></span> 
     </span>
     <span class='ocr_line' id='line_1_22' title="bbox 36 2267 1053 2362; baseline 0.001 -21"><span class='ocrx_word' id='word_1_155' title='bbox 36 2293 120 2341; x_wconf 87' lang='grc' dir='ltr'><strong><em>σατο</em></strong></span> <span class='ocrx_word' id='word_1_156' title='bbox 133 2275 202 2340; x_wconf 88' lang='grc' dir='ltr'><strong><em>τῶν</em></strong></span> <span class='ocrx_word' id='word_1_157' title='bbox 217 2267 416 2362; x_wconf 78' lang='grc' dir='ltr'><strong><em>ἀπορρήτων</em></strong></span> <span class='ocrx_word' id='word_1_158' title='bbox 422 2271 663 2360; x_wconf 85' lang='grc' dir='ltr'><strong><em>βουλευμάτων</em></strong></span> <span class='ocrx_word' id='word_1_159' title='bbox 675 2287 863 2361; x_wconf 74' lang='grc' dir='ltr'><strong><em>συνεργοῖς,</em></strong></span> <span class='ocrx_word' id='word_1_160' title='bbox 872 2268 1001 2359; x_wconf 86' lang='grc' dir='ltr'><strong><em>είςγρά·</em></strong></span> <span class='ocrx_word' id='word_1_161' title='bbox 1019 2290 1053 2342; x_wconf 80' lang='lat'><strong><em>20</em></strong></span> 
     </span>
     <span class='ocr_line' id='line_1_23' title="bbox 2 2370 1003 2463; baseline -0.001 -21"><span class='ocrx_word' id='word_1_162' title='bbox 2 2392 21 2443; x_wconf 75' lang='grc' dir='ltr'><strong><em>ιι</em></strong></span> <span class='ocrx_word' id='word_1_163' title='bbox 39 2390 106 2460; x_wconf 75' lang='grc' dir='ltr'><strong><em>φας</em></strong></span> <span class='ocrx_word' id='word_1_164' title='bbox 116 2375 505 2454; x_wconf 86' lang='grc' dir='ltr'><strong><em>Ιείςδέλτονέπιδίδωσιν.</em></strong></span> <span class='ocrx_word' id='word_1_165' title='bbox 519 2370 584 2445; x_wconf 76' lang='grc' dir='ltr'><strong><em>όδδ</em></strong></span> <span class='ocrx_word' id='word_1_166' title='bbox 595 2370 833 2463; x_wconf 84' lang='grc' dir='ltr'><strong><em>τῶυῬωμαίων</em></strong></span> <span class='ocrx_word' id='word_1_167' title='bbox 843 2371 1003 2461; x_wconf 77' lang='grc' dir='ltr'><strong><em>βασιλεὺς</em></strong></span> 
     </span>
     <span class='ocr_line' id='line_1_24' title="bbox 40 2474 1000 2568; baseline -0.005 -19"><span class='ocrx_word' id='word_1_168' title='bbox 40 2482 89 2558; x_wconf 83' lang='grc' dir='ltr'><strong><em>είς</em></strong></span> <span class='ocrx_word' id='word_1_169' title='bbox 108 2480 289 2565; x_wconf 78' lang='grc' dir='ltr'><strong><em>ἐκκλησίαν</em></strong></span> <span class='ocrx_word' id='word_1_170' title='bbox 301 2474 450 2559; x_wconf 74' lang='grc' dir='ltr'><strong><em>ἅπαντας</em></strong></span> <span class='ocrx_word' id='word_1_171' title='bbox 466 2475 698 2568; x_wconf 79' lang='grc' dir='ltr'><strong><em>άποθεμίνονς</em></strong></span> <span class='ocrx_word' id='word_1_172' title='bbox 711 2474 752 2547; x_wconf 82' lang='grc' dir='ltr'><strong><em>τά</em></strong></span> <span class='ocrx_word' id='word_1_173' title='bbox 764 2474 852 2546; x_wconf 83' lang='grc' dir='ltr'><strong><em>ὅπλα</em></strong></span> <span class='ocrx_word' id='word_1_174' title='bbox 871 2474 1000 2545; x_wconf 58' lang='grc' dir='ltr'><strong><em>ἐνάλου</em></strong></span> 
     </span>
     <span class='ocr_line' id='line_1_25' title="bbox 41 2573 1002 2669; baseline -0.004 -18"><span class='ocrx_word' id='word_1_175' title='bbox 41 2581 232 2651; x_wconf 89' lang='grc' dir='ltr'><strong><em>συνιόντων</em></strong></span> <span class='ocrx_word' id='word_1_176' title='bbox 246 2580 284 2649; x_wconf 78' lang='grc' dir='ltr'><strong><em>δέ</em></strong></span> <span class='ocrx_word' id='word_1_177' title='bbox 298 2578 411 2649; x_wconf 81' lang='grc' dir='ltr'><strong><em>αὐτῶν</em></strong></span> <span class='ocrx_word' id='word_1_178' title='bbox 431 2579 490 2651; x_wconf 86' lang='grc' dir='ltr'><strong><em>τὸν</em></strong></span> <span class='ocrx_word' id='word_1_179' title='bbox 507 2581 570 2669; x_wconf 71' lang='grc' dir='ltr'><strong><em>μὲν</em></strong></span> <span class='ocrx_word' id='word_1_180' title='bbox 583 2576 732 2669; x_wconf 81' lang='grc' dir='ltr'><strong><em>ἡγεμόνα</em></strong></span> <span class='ocrx_word' id='word_1_181' title='bbox 746 2573 814 2649; x_wconf 86' lang='grc' dir='ltr'><strong><em>τῶν</em></strong></span> <span class='ocrx_word' id='word_1_182' title='bbox 827 2573 1002 2666; x_wconf 80' lang='grc' dir='ltr'><strong><em>Ἀλβανῶν</em></strong></span> 
     </span>
     <span class='ocr_line' id='line_1_26' title="bbox 41 2678 1068 2774; baseline -0.003 -21"><span class='ocrx_word' id='word_1_183' title='bbox 41 2682 109 2771; x_wconf 80' lang='grc' dir='ltr'><strong><em>ἅμα</em></strong></span> <span class='ocrx_word' id='word_1_184' title='bbox 118 2698 187 2763; x_wconf 82' lang='grc' dir='ltr'><strong><em>τολς</em></strong></span> <span class='ocrx_word' id='word_1_185' title='bbox 197 2683 381 2770; x_wconf 84' lang='grc' dir='ltr'><strong><em>ταξιάρχοις</em></strong></span> <span class='ocrx_word' id='word_1_186' title='bbox 396 2711 431 2752; x_wconf 91' lang='grc' dir='ltr'><strong><em>τε</em></strong></span> <span class='ocrx_word' id='word_1_187' title='bbox 445 2684 501 2755; x_wconf 82' lang='grc' dir='ltr'><strong><em>καί</em></strong></span> <span class='ocrx_word' id='word_1_188' title='bbox 510 2692 665 2772; x_wconf 84' lang='grc' dir='ltr'><strong><em>λοχαγολς</em></strong></span> <span class='ocrx_word' id='word_1_189' title='bbox 674 2680 753 2774; x_wconf 90' lang='grc' dir='ltr'><strong><em>παρ’</em></strong></span> <span class='ocrx_word' id='word_1_190' title='bbox 771 2678 900 2752; x_wconf 79' lang='grc' dir='ltr'><strong><em>αὐτότὸ</em></strong></span> <span class='ocrx_word' id='word_1_191' title='bbox 913 2686 1002 2771; x_wconf 80' lang='grc' dir='ltr'><strong><em>βῆμα</em></strong></span> <span class='ocrx_word' id='word_1_192' title='bbox 1066 2687 1068 2690; x_wconf 74' lang='grc'><strong>’</strong></span> 
     </span>
     <span class='ocr_line' id='line_1_27' title="bbox 42 2780 1053 2875; baseline 0 -20"><span class='ocrx_word' id='word_1_193' title='bbox 42 2790 220 2857; x_wconf 89' lang='grc' dir='ltr'><strong><em>ἐκέλευσεν</em></strong></span> <span class='ocrx_word' id='word_1_194' title='bbox 236 2783 388 2870; x_wconf 85' lang='grc' dir='ltr'><strong><em>ἑστάναι,</em></strong></span> <span class='ocrx_word' id='word_1_195' title='bbox 407 2787 584 2875; x_wconf 79' lang='grc' dir='ltr'><strong><em>ἐχομένους</em></strong></span> <span class='ocrx_word' id='word_1_196' title='bbox 596 2786 634 2856; x_wconf 81' lang='grc' dir='ltr'><strong><em>δδ</em></strong></span> <span class='ocrx_word' id='word_1_197' title='bbox 646 2785 778 2855; x_wconf 82' lang='grc' dir='ltr'><strong><em>τούτων</em></strong></span> <span class='ocrx_word' id='word_1_198' title='bbox 789 2780 868 2863; x_wconf 73' lang='grc' dir='ltr'><strong><em>τοὺς</em></strong></span> <span class='ocrx_word' id='word_1_199' title='bbox 881 2781 1003 2865; x_wconf 76' lang='grc' dir='ltr'><strong><em>ἄλλους</em></strong></span> <span class='ocrx_word' id='word_1_200' title='bbox 1020 2796 1053 2847; x_wconf 75' lang='lat'><strong><em>25</em></strong></span> 
     </span>
     <span class='ocr_line' id='line_1_28' title="bbox 38 2884 1002 2977; baseline -0.002 -19"><span class='ocrx_word' id='word_1_201' title='bbox 38 2885 221 2977; x_wconf 76' lang='grc' dir='ltr'><strong><em>Ἀλβανοὺς</em></strong></span> <span class='ocrx_word' id='word_1_202' title='bbox 229 2888 412 2975; x_wconf 78' lang='grc' dir='ltr'><strong><em>ταχθέντας</em></strong></span> <span class='ocrx_word' id='word_1_203' title='bbox 422 2891 658 2976; x_wconf 82' lang='grc' dir='ltr'><strong><em>ἐκκλησίαζειυ,</em></strong></span> <span class='ocrx_word' id='word_1_204' title='bbox 667 2886 794 2975; x_wconf 75' lang='grc' dir='ltr'><strong><em>μετάδέ</em></strong></span> <span class='ocrx_word' id='word_1_205' title='bbox 802 2884 1002 2975; x_wconf 75' lang='grc' dir='ltr'><strong><em>τοόςἏλβα·</em></strong></span> 
     </span>
     <span class='ocr_line' id='line_1_29' title="bbox 42 2984 1004 3077; baseline -0.004 -16"><span class='ocrx_word' id='word_1_206' title='bbox 42 2984 124 3071; x_wconf 70' lang='grc' dir='ltr'><strong><em>νοός</em></strong></span> <span class='ocrx_word' id='word_1_207' title='bbox 133 2988 170 3059; x_wconf 86' lang='grc' dir='ltr'><strong><em>τό</em></strong></span> <span class='ocrx_word' id='word_1_208' title='bbox 181 2989 375 3059; x_wconf 86' lang='grc' dir='ltr'><strong><em>λοιπόντῶν</em></strong></span> <span class='ocrx_word' id='word_1_209' title='bbox 384 2989 568 3077; x_wconf 85' lang='grc' dir='ltr'><strong><em>συμμάχων</em></strong></span> <span class='ocrx_word' id='word_1_210' title='bbox 579 2986 862 3076; x_wconf 72' lang='grc' dir='ltr'><strong><em>πλῆθοςέξωθεν</em></strong></span> <span class='ocrx_word' id='word_1_211' title='bbox 873 2989 910 3059; x_wconf 76' lang='grc' dir='ltr'><strong><em>δέ</em></strong></span> <span class='ocrx_word' id='word_1_212' title='bbox 921 2987 1004 3057; x_wconf 88' lang='grc' dir='ltr'><strong><em>πάν-</em></strong></span> 
     </span>
     <span class='ocr_line' id='line_1_30' title="bbox 42 3084 1002 3181; baseline -0.003 -20"><span class='ocrx_word' id='word_1_213' title='bbox 42 3122 110 3165; x_wconf 89' lang='grc' dir='ltr'><strong><em>των</em></strong></span> <span class='ocrx_word' id='word_1_214' title='bbox 125 3093 320 3181; x_wconf 84' lang='grc' dir='ltr'><strong><em>περιέστησε</em></strong></span> <span class='ocrx_word' id='word_1_215' title='bbox 329 3088 526 3180; x_wconf 88' lang='grc' dir='ltr'><strong><em>Ῥωμαίους,</em></strong></span> <span class='ocrx_word' id='word_1_216' title='bbox 542 3094 579 3161; x_wconf 90' lang='grc' dir='ltr'><strong><em>ἐν</em></strong></span> <span class='ocrx_word' id='word_1_217' title='bbox 591 3089 642 3172; x_wconf 87' lang='grc' dir='ltr'><strong><em>οἷς</em></strong></span> <span class='ocrx_word' id='word_1_218' title='bbox 655 3084 743 3181; x_wconf 81' lang='grc' dir='ltr'><strong><em>ἦσαν</em></strong></span> <span class='ocrx_word' id='word_1_219' title='bbox 756 3096 792 3161; x_wconf 87' lang='grc' dir='ltr'><strong><em>οί</em></strong></span> <span class='ocrx_word' id='word_1_220' title='bbox 807 3090 1002 3179; x_wconf 82' lang='grc' dir='ltr'><strong><em>γενναιότα-</em></strong></span> 
     </span>
     <span class='ocr_line' id='line_1_31' title="bbox 43 3189 1001 3284; baseline -0.004 -19"><span class='ocrx_word' id='word_1_221' title='bbox 43 3224 103 3284; x_wconf 89' lang='grc' dir='ltr'><strong><em>τοι,</em></strong></span> <span class='ocrx_word' id='word_1_222' title='bbox 116 3198 198 3283; x_wconf 84' lang='grc' dir='ltr'><strong><em>ξίφη</em></strong></span> <span class='ocrx_word' id='word_1_223' title='bbox 207 3195 414 3284; x_wconf 83' lang='grc' dir='ltr'><strong><em>κρύπτοντας</em></strong></span> <span class='ocrx_word' id='word_1_224' title='bbox 422 3191 489 3265; x_wconf 81' lang='grc' dir='ltr'><strong><em>ὑπὸ</em></strong></span> <span class='ocrx_word' id='word_1_225' title='bbox 499 3210 570 3275; x_wconf 76' lang='grc' dir='ltr'><strong><em>ταῖς</em></strong></span> <span class='ocrx_word' id='word_1_226' title='bbox 582 3202 786 3284; x_wconf 69' lang='grc' dir='ltr'><strong><em>περιβολαῖς.</em></strong></span> <span class='ocrx_word' id='word_1_227' title='bbox 801 3189 844 3273; x_wconf 84' lang='grc' dir='ltr'><strong><em>ῶς</em></strong></span> <span class='ocrx_word' id='word_1_228' title='bbox 858 3199 879 3262; x_wconf 90' lang='grc' dir='ltr'><strong><em>δ</em></strong></span> <span class='ocrx_word' id='word_1_229' title='bbox 884 3190 933 3263; x_wconf 86' lang='grc' dir='ltr'><strong><em>’ἐν</em></strong></span> <span class='ocrx_word' id='word_1_230' title='bbox 942 3220 1001 3262; x_wconf 49' lang='grc' dir='ltr'><strong><em>κα*</em></strong></span> 
     </span>
     <span class='ocr_line' id='line_1_32' title="bbox 44 3293 1057 3394; baseline -0.007 -25"><span class='ocrx_word' id='word_1_231' title='bbox 44 3304 89 3394; x_wconf 74' lang='grc' dir='ltr'><strong><em>λῶ</em></strong></span> <span class='ocrx_word' id='word_1_232' title='bbox 101 3296 181 3377; x_wconf 82' lang='grc' dir='ltr'><strong><em>τοδς</em></strong></span> <span class='ocrx_word' id='word_1_233' title='bbox 194 3294 336 3389; x_wconf 75' lang='grc' dir='ltr'><strong><em>ἐχθροὺς</em></strong></span> <span class='ocrx_word' id='word_1_234' title='bbox 344 3304 433 3386; x_wconf 85' lang='grc' dir='ltr'><strong><em>ἐχειν</em></strong></span> <span class='ocrx_word' id='word_1_235' title='bbox 446 3294 617 3387; x_wconf 80' lang='grc' dir='ltr'><strong><em>ὑπέλαβεν</em></strong></span> <span class='ocrx_word' id='word_1_236' title='bbox 623 3293 769 3377; x_wconf 84' lang='grc' dir='ltr'><strong><em>άναστάς</em></strong></span> <span class='ocrx_word' id='word_1_237' title='bbox 777 3297 867 3377; x_wconf 82' lang='grc' dir='ltr'><strong><em>ἐλεξε</em></strong></span> <span class='ocrx_word' id='word_1_238' title='bbox 875 3294 1004 3364; x_wconf 87' lang='grc' dir='ltr'><strong><em>τοιάδε·</em></strong></span> <span class='ocrx_word' id='word_1_239' title='bbox 1022 3310 1057 3362; x_wconf 74' lang='lat'><strong><em>30</em></strong></span> 
     </span>
     <span class='ocr_line' id='line_1_33' title="bbox 117 3396 1005 3489; baseline -0.007 -19"><span class='ocrx_word' id='word_1_240' title='bbox 117 3399 268 3470; x_wconf 84' lang='lat' dir='ltr'>XXVIII.</span> <span class='ocrx_word' id='word_1_241' title='bbox 281 3399 423 3489; x_wconf 74' lang='grc' dir='ltr'><strong><em>’Ἄνδρες</em></strong></span> <span class='ocrx_word' id='word_1_242' title='bbox 431 3397 587 3489; x_wconf 72' lang='grc' dir='ltr'><strong><em>Ῥωμαῖοί</em></strong></span> <span class='ocrx_word' id='word_1_243' title='bbox 603 3426 641 3469; x_wconf 90' lang='grc' dir='ltr'><strong><em>τε</em></strong></span> <span class='ocrx_word' id='word_1_244' title='bbox 658 3400 716 3468; x_wconf 85' lang='grc' dir='ltr'><strong><em>καί</em></strong></span> <span class='ocrx_word' id='word_1_245' title='bbox 728 3396 824 3467; x_wconf 84' lang='grc' dir='ltr'><strong><em>άλλοι</em></strong></span> <span class='ocrx_word' id='word_1_246' title='bbox 838 3403 932 3482; x_wconf 87' lang='grc' dir='ltr'><strong><em>φίλοι</em></strong></span> <span class='ocrx_word' id='word_1_247' title='bbox 948 3398 1005 3465; x_wconf 79' lang='grc' dir='ltr'><strong><em>καί</em></strong></span> 
     </span>
     <span class='ocr_line' id='line_1_34' title="bbox 45 3497 1007 3593; baseline -0.006 -20"><span class='ocrx_word' id='word_1_248' title='bbox 45 3505 228 3593; x_wconf 83' lang='grc' dir='ltr'><strong><em>σύμμαχοι,</em></strong></span> <span class='ocrx_word' id='word_1_249' title='bbox 249 3502 327 3583; x_wconf 83' lang='grc' dir='ltr'><strong><em>τούς</em></strong></span> <span class='ocrx_word' id='word_1_250' title='bbox 346 3503 408 3593; x_wconf 72' lang='grc' dir='ltr'><strong><em>μὲν</em></strong></span> <span class='ocrx_word' id='word_1_251' title='bbox 422 3505 459 3573; x_wconf 92' lang='grc' dir='ltr'><strong><em>ἐκ</em></strong></span> <span class='ocrx_word' id='word_1_252' title='bbox 474 3507 534 3573; x_wconf 84' lang='grc' dir='ltr'><strong><em>τοῦ</em></strong></span> <span class='ocrx_word' id='word_1_253' title='bbox 550 3504 702 3590; x_wconf 82' lang='grc' dir='ltr'><strong><em>φανεροῦ</em></strong></span> <span class='ocrx_word' id='word_1_254' title='bbox 713 3497 940 3589; x_wconf 77' lang='grc' dir='ltr'><strong><em>τολμήσαντας</em></strong></span> <span class='ocrx_word' id='word_1_255' title='bbox 959 3503 1007 3578; x_wconf 84' lang='grc' dir='ltr'><strong><em>είς</em></strong></span> 
     </span>
     <span class='ocr_line' id='line_1_35' title="bbox 94 3610 855 3675; baseline -0.005 -1"><span class='ocrx_word' id='word_1_256' title='bbox 94 3633 175 3674; x_wconf 70' lang='lat' dir='ltr'><strong>mou.</strong></span> <span class='ocrx_word' id='word_1_257' title='bbox 193 3634 213 3669; x_wconf 88' lang='lat'><strong><em>1.</em></strong></span> <span class='ocrx_word' id='word_1_258' title='bbox 816 3610 855 3675; x_wconf 86' lang='lat'><strong><em>17</em></strong></span> 
     </span>
    </p>
   </div>
   <div class='ocr_carea' id='block_1_3' title="bbox 0 0 1196 3850">
    <p class='ocr_par' dir='ltr' id='par_1_3' title="bbox 0 0 1196 3850">
     <span class='ocr_line' id='line_1_36' title="bbox 0 0 1196 3850; baseline 0 0"><span class='ocrx_word' id='word_1_259' title='bbox 0 0 1196 3850; x_wconf 95' lang='lat' dir='ltr'><strong><em> </em></strong></span> 
     </span>
    </p>
   </div>
  </div>
 </body>
</html>
