2367 3850
438 189 482 204 -
537 159 665 221 Γ·-
972 159 1035 224 26Ί

69 319 191 408 ἑτέρον
209 325 328 408 λαβείν
341 315 485 408 ἀγῶνος,
505 315 579 390 ἀλλ’
596 317 788 400 ἐκλιπόντες
799 316 879 399 τούς
890 317 1036 409 χάρακας

68 418 240 513 ἀπῄεσαν·
253 425 310 494 καλ
323 421 536 503 διαλιπόντες
544 421 606 492 τόν
618 421 776 517 ἐνιαυτόν
788 425 921 492 ἐκεῖνον
933 419 1037 492 πάλιν

69 525 216 614 ἐξῄεσαν
245 522 300 596 ἐπ’
327 523 492 614 ἀλλήλους
516 533 669 613 μείζονας
698 522 1035 614 παρασκευασάμενοι

69 626 251 716 δυνάμεις,
278 635 411 716 γίνεταί
427 653 464 698 τι
478 623 591 698 αύταῑν
611 630 689 717 περὶ
702 627 803 698 κόλιν
814 624 957 714 Ἠρητὸν
970 623 1037 696 ἀπό

69 735 223 800 σταδίαν
236 731 393 819 ἑξήκοντα
405 731 462 799 καὶ
474 727 593 801 ἑκατόν
606 735 664 818 τής
676 725 809 819 Ῥύμης
820 725 932 816 ἀγόν,
952 730 991 799 έν
1009 717 1036 823 ᾧ
1052 753 1069 804 σ

69 829 220 911 πολλούς
241 832 304 920 μὲν
322 829 522 920 ἀμφοτέρων
541 835 669 921 συνέβη
690 846 826 902 πεσεῖν·
854 831 1036 920 ἰσορρόπου

69 934 110 1004 δὲ
125 931 284 1022 κάκείνης
295 940 354 1024 τῆς
367 934 472 1023 μάχης
485 935 539 1004 έπλ
554 933 664 1004 πολύν
674 935 797 1023 χρόνον
813 932 1036 1023 διαμενούσης

68 1034 251 1117 ἀνατείνας
264 1043 312 1118 είς
323 1035 383 1107 τόν
390 1033 538 1126 οὐρανόν
546 1035 607 1118 τὰς
617 1052 731 1127 χεῖρας
742 1033 762 1106 ό
777 1035 905 1116 Τύλλος
917 1033 1036 1119 εὔξατο

68 1153 146 1220 τοίς
170 1149 280 1226 θεοῖς,
306 1138 366 1209 ἐάν
391 1137 513 1229 νικήσῃ
541 1143 583 1229 τή
612 1136 690 1210 τόθ’
717 1135 826 1229 ήμέρμ
844 1145 1035 1226 Σαβίνους,

7 1255 53 1307 508
69 1239 212 1328 Κρόνου
232 1268 269 1310 τε
287 1237 450 1323 καὶῬέας
464 1240 731 1330 καταστήσεσθαι
746 1248 939 1330 δημοτελεῖς
958 1241 1032 1329 ἕορ·
1052 1266 1086 1318 10

69 1341 151 1429 τάς,
165 1339 204 1425 ἀς
220 1327 509 1434 άγουσιῬαμαίοι
529 1341 613 1414 καθ’
630 1349 773 1416 ἕκαστον
785 1339 942 1414 ἐνιαυτόν
954 1340 1036 1412 όταν

70 1443 225 1525 ἅπαντας
243 1445 322 1528 τούς
340 1441 454 1536 έκγγῆε
473 1455 700 1536 συγκομίσωσι
713 1443 880 1537 καρπούς,
897 1447 955 1515 καί
975 1441 1036 1514 τόν

69 1555 144 1618 τῶν
156 1555 295 1618 Σαλίαν
308 1552 526 1639 καλουμένων
540 1548 776 1621 διπλασιάσειν
787 1545 946 1638 ἀριθμόν.
974 1537 1034 1616 ού·

70 1679 126 1721 τοι
155 1647 192 1720 δ’
221 1652 284 1746 είσί
311 1653 467 1740 πατέρων
499 1649 650 1741 εύγευοῑν
684 1656 860 1731 ἐνοπλίους
883 1647 1035 1739 ὀρχήσεις

70 1752 268 1841 κινούμενοι
282 1753 364 1843 πρὸς
377 1751 484 1824 αύλδν
497 1757 535 1824 έν
548 1769 618 1834 τοῖς
630 1753 821 1842 καθήκουσι
832 1752 966 1841 χρόνοις
978 1753 1034 1822 καί
1053 1768 1085 1820 εσ

71 1853 204 1945 ὕμνους
224 1853 318 1939 τινός
337 1854 476 1951 ᾅδοντες
498 1862 677 1947 πατρίους,
705 1853 749 1938 ἀς
767 1859 806 1927 έν
818 1859 866 1950 τῷ
883 1854 1035 1947 προτέρῳ

72 1959 251 2048 δεδήλωκα
271 1960 371 2054 λόγῳ.
411 1958 492 2049 μετὰ
511 1962 548 2031 δὲ
568 1960 633 2049 τήν
647 1958 749 2049 εύχήν
766 1958 895 2047 ταύτην
909 1957 1037 2044 θάρσος

39 2076 43 2084 “
71 2090 109 2132 τε
123 2062 372 2151 καταλαμβάνει
388 2062 468 2143 τούς
482 2060 672 2152 Ῥαμαίους
691 2065 748 2132 καί
763 2059 875 2149 ὥσπερ
892 2057 1036 2148 ἀκμῆτες

73 2172 122 2247 είς
142 2162 331 2251 κάμνοντας
353 2162 518 2254 ἀσάμενοι
538 2166 706 2236 διασποῐσι
719 2161 779 2245 τάς
795 2160 905 2246 τάξεις
921 2158 1036 2231 αύτοῖκ

72 2269 151 2357 περὶ
169 2271 284 2355 δείλην
297 2264 399 2351 ὀψίαν
418 2265 483 2357 ἤδη
502 2268 558 2337 καί
572 2265 796 2356 ἀναγκάζουσι
813 2263 892 2344 τούς
904 2288 1033 2353 πρατο·
1052 2281 1087 2333 20

73 2370 195 2449 στάτας
220 2368 317 2457 ἄρξαι
336 2376 464 2458 φυγῆς,
490 2368 781 2459 ἀκολουθήσαντές
799 2393 837 2437 τε
854 2380 925 2446 τοῖς
948 2363 1034 2453 φεύ·

72 2491 194 2560 γουσιν
216 2473 270 2541 ἐπί
292 2470 351 2541 τόν
371 2471 499 2560 χάρακα
519 2474 575 2543 καί
593 2475 671 2562 περὶ
684 2470 744 2553 τάς
760 2470 911 2559 τάφρους
923 2472 1036 2561 πολλῷ

73 2581 233 2653 πλείονας
259 2574 520 2659 καταβαλόντες,
550 2572 626 2645 οὐδ’
659 2572 767 2655 οὕτως
792 2569 1035 2660 ἀπετράποντο,
1169 2590 1179 2605 ·

5 2706 8 2713 ⁴
72 2672 160 2745 ἀλλὰ
184 2682 449 2763 παραμείναντες
475 2675 538 2764 τήν
558 2680 721 2747 ἐπιοῦσαν
742 2674 851 2747 νύκτα
876 2676 933 2745 καί
956 2670 1037 2753 τούς

73 2776 140 2847 ἀπὸ
155 2782 215 2846 τού
228 2776 391 2865 ἐρύματος
403 2781 611 2867 μαχομένους
624 2776 838 2867 ἀνείρξαντες
849 2776 1035 2865 ἐκράτησαν
1052 2796 1086 2846 25

72 2886 132 2970 τῆς
153 2884 374 2969 παρεμβολῆς.
401 2880 482 2969 μετὰ
498 2880 535 2951 δλ
555 2886 654 2951 τούτο
673 2878 711 2950 τό
723 2885 825 2971 ἔργον
837 2877 921 2966 ὅσην
935 2876 1035 2965 ἐβού-

73 2992 173 3052 λοντο
194 2986 252 3071 τῆς
274 2985 342 3051 τοῖν
359 2990 523 3071 Σαβίνων
549 2982 828 3073 λεηλατήσαντες,
854 2976 900 3058 ἀς
922 2976 1036 3059 οὐδεὶς

61 3082 188 3165 αὐτοῖς
211 3081 323 3155 ούκέτι
357 3087 517 3175 περὶτῆς
543 3086 652 3175 χώρας
682 3084 773 3175 έξῄει
797 3078 1035 3171 μαχησόμενος,

13 3207 57 3259 509
72 3183 226 3277 ἀπῄεσαν
239 3183 292 3257 ἐπ’
309 3197 413 3258 οίκον.
446 3186 513 3259 ἀπὸ
526 3189 649 3277 ταύτης
661 3193 720 3277 τῆς
731 3185 836 3276 μάχης
848 3181 909 3251 τόν
921 3187 1036 3268 τρίτον

72 3290 241 3378 κατήγαγε
265 3296 438 3380 θρίαμβον
459 3287 477 3361 ὁ
496 3289 675 3379 βασιλεύς,
702 3290 760 3358 καὶ
780 3281 854 3375 μετ’
881 3280 924 3352 ού
946 3280 1035 3352 πολύ
1051 3295 1111 3348 80„

72 3394 377 3483 πρεσβευσαμένοις
400 3406 468 3475 τοῖς
487 3400 651 3483 Σαβίνοις
669 3386 868 3459 καταλύεται
892 3382 952 3453 τὸν
971 3382 1032 3453 πό-

71 3506 175 3587 λεμου
188 3494 416 3585 αίχμαλιότονς
435 3522 471 3565 τε
492 3493 574 3587 παρ’
588 3490 701 3563 αύτοῖν
714 3485 936 3577 κομισάμενος
941 3534 960 3571 ,,
971 3480 1032 3564 ούς
