2367 3850
181 134 243 198 262
540 167 584 178 -
641 133 769 196 Γ·-

182 295 357 384 συνέδροις
376 238 612 420 γραψαμένου,
631 292 693 384 τὴν
715 293 778 384 μὲν
791 291 893 364 πόλιν
908 287 1002 382 ὑμῶν
1022 300 1150 360 καθαι-

184 405 330 487 ρεθῆναι
347 395 461 466 καλ’
416 425 497 486 μητε
510 403 579 468 τῶν
592 403 765 486 δημοσίων
784 395 867 485 μήτε
878 399 948 464 τῶν
966 397 1151 464 ἰδιωτικῶν

185 499 511 589 κατασκευασμάτων
540 497 650 590 ὀρθὸν
685 504 807 570 ἐᾶσθαι
839 499 1011 586 διαμένειν
1037 495 1152 585 μηθὲν

186 605 247 685 ἔξω
277 606 350 672 των
374 606 491 691 ἱεράν·
525 601 604 683 τούς
631 599 663 672 δ’
679 605 718 672 ἐν
743 598 830 690 αὐτῇ
858 598 985 679 πάντας
1011 604 1151 685 ἔχοντας

151 701 246 785 οοδς
272 705 329 773 καλ
363 709 429 774 νῦν
456 709 569 791 ἔχουσι
595 703 742 793 κλήρους
767 700 993 791 ἀνδραπόδων
1018 727 1058 770 τε
1093 701 1151 769 καὶ

186 803 408 895 βοσκημάτων
421 808 477 878 καὶ
491 811 561 877 τιδν
570 803 684 878 ἄλλων
696 806 876 895 χρημάτων
882 804 993 894 μηθὲν
1004 801 1150 892 άφαιρε-

184 909 309 988 θέντας
328 910 366 978 ἐν
385 904 490 998 Ῥοέμη
511 906 651 979 τὸνάπὸ
668 914 768 978 τοῦδε
786 905 909 997 χρόνον
922 911 1045 977 οἰκεῖν·
1066 902 1152 992 ὅσην

186 1007 273 1080 τετὸ
287 1007 404 1081 κοινὸν
417 1007 513 1100 ὑμῶν
527 1014 682 1098 ἐκέκτητο
703 1016 770 1100 γῆν
789 1025 859 1089 τοίς
878 1010 1010 1098 μηθένα
1024 1012 1153 1096 κλῆρον

186 1117 321 1200 ἐχονσιν
346 1109 519 1200 Ἀλβανῶν
540 1118 800 1202 διαμερισθῆναι
825 1113 926 1200 χωρὶς
952 1116 1022 1182 τῶν
1050 1113 1153 1199 ίεροὶν

138 1237 170 1290 10
187 1213 380 1302 κτημάτων,
396 1218 432 1298 ἐξ
441 1205 490 1284 ὦν
503 1220 540 1284 αἰ
550 1222 671 1286 θυσίαι
683 1230 752 1296 τοῖς
765 1226 859 1294 θεοῖς
867 1217 1031 1300 ἐγίνοντο.
1046 1219 1154 1282 οἰκων

187 1316 225 1386 δέ
241 1322 465 1406 κατασκευῆς,
486 1320 525 1387 ἐν
537 1313 588 1398 οἷς
600 1314 680 1397 τούς
692 1325 788 1406 βίους
802 1315 983 1405 ἱδρύσεσθε
996 1319 1034 1385 οἰ
1047 1341 1152 1403 μετα-

186 1417 399 1507 νιστάμενοι,
412 1417 495 1490 καθ’
509 1417 569 1502 οδς
582 1427 714 1490 ἔσονται
727 1425 785 1508 τῆς
798 1417 925 1500 πόλεως
938 1417 1079 1504 τόπους,
1095 1415 1153 1505 ἐμὲ

186 1521 392 1609 ποιήσασθαι
417 1521 596 1611 πρόνοιαν»
609 1521 889 1612 συλλαμβάνοντα
916 1534 986 1600 τοίς
1012 1515 1152 1604 ἀπορω-

186 1622 297 1705 τάτοις
310 1619 472 1715 δμοῖντῇς
482 1630 529 1705 εἰς
541 1622 582 1693 τά
596 1629 678 1712 ἔργα
693 1625 854 1713 δαπάνης.
870 1624 927 1692 καλ
941 1621 979 1691 τὸ
992 1621 1056 1709 μὲν
1067 1618 1154 1690 άλλο

137 1749 169 1800 15
187 1729 317 1813 πλῆθος
339 1723 434 1814 ὑμῶν
460 1724 542 1816 μετά
568 1731 637 1797 τῶν
660 1724 740 1816 παρ’
756 1722 840 1816 ’ἡμίν
859 1722 1051 1814 δημοτικῶν
1068 1742 1153 1792 συν-

186 1835 296 1896 τελείν
316 1834 364 1907 εἰς
383 1827 493 1914 φυλάς
511 1829 567 1899 καὶ
582 1828 733 1917 φράτρας
751 1827 1014 1918 καταμερισθέν,
1027 1831 1154 1914 βουλῆς

188 1929 226 1999 δέ
239 1931 391 2017 μετέχειν
410 1932 468 2001 καὶ
486 1928 588 2021 άρχάς
602 1932 788 2022 λαμβάνειν
806 1934 863 2003 καί
877 1946 946 2012 τοῖς
963 1936 1153 2020 πατρικίοις

186 2038 463 2121 προσνεμηθῆναι
482 2034 603 2115 τούςδε
622 2036 700 2115 τούς
718 2045 847 2116 οἰκους·
870 2032 1029 2112 Ἰουλίους
1035 2084 1046 2119 ,
1059 2040 1150 2118 Σερ-

187 2140 353 2221 δυίλίους,
380 2142 585 2224 Κορατίους,
611 2143 841 2224 Κοϊντιλίους,
869 2143 1065 2221 Κλοιλίους,
1085 2140 1150 2204 Γε-

135 2260 169 2313 20
187 2243 343 2324 γανίους,
357 2245 558 2320 Μετιλίους·
579 2243 731 2309 Μέττιον
744 2239 781 2309 δέ
800 2240 858 2309 καλ
871 2237 950 2320 τούς
963 2236 1029 2307 σὺν
1041 2235 1152 2329 τούτῳ

184 2338 435 2425 βουλεύσαντας
460 2339 524 2430 τὴν
553 2347 738 2429 προδοσίαν
775 2347 872 2422 δίκας
898 2337 1077 2427 ὑποσχεῖν,
1111 2334 1152 2418 άς

184 2434 227 2509 ἂν
238 2436 488 2531 ημείςτάξωμεν
502 2444 655 2513 δικασταὶ
666 2445 771 2531 περὶ
753 2443 892 2513 εκάστου
904 2470 973 2511 των
982 2437 1152 2511 υπαιτίων

183 2542 417 2631 καθεζόμενοι·
428 2540 606 2614 ονθένα
567 2573 631 2634 γαρ
642 2542 1060 2635 αποστερησομενκρισεως
1068 2540 1152 2613 ουδε

182 2639 295 2727 λόγου.

134 2760 167 2819 25
258 2742 365 2813 XXX.
381 2741 439 2827 Ὡς
461 2746 500 2817 δέ
519 2750 602 2815 ταῦτ
607 2742 785 2833 ’elatem'
765 2767 838 2817 οσοι
853 2737 952 2836 μέν
931 2765 1018 2835 ησαν
1027 2741 1149 2832 ’-Αλβα

54 2878 56 2885 ’
184 2847 256 2916 νοὸν
275 2846 415 2933 πένητες
436 2844 577 2936 ἠγάπων
596 2855 628 2919 εἰ
640 2845 768 2937 Ῥώμην
780 2876 818 2917 τε
831 2848 1005 2938 οἰκήσουσι
1017 2848 1076 2917 καλ
1087 2852 1151 2935 γῆς

184 2952 310 3038 κλῆρον
330 2948 442 3031 ἕξουσι
456 2951 512 3019 καλ
527 2950 676 3040 ἐπῄνουν
693 2947 821 3041 μεγάλη
837 2956 901 3041 βοῇ
914 2949 955 3021 τά
976 2948 1148 3037 διδόμενα,

184 3054 219 3119 οἰ
245 3050 282 3121 δέ
315 3052 536 3142 λαμπρότεροι
567 3068 638 3133 τοίς
667 3051 830 3143 άξιάμασι
854 3055 912 3125 καλ
937 3068 1011 3133 ταις
1032 3050 1149 3140 τύχαις

184 3160 356 3239 κρείττους
369 3152 532 3243 ἤχθοντο,
555 3160 587 3225 εἰ
607 3156 720 3246 δεήσει
744 3155 845 3227 πόλιν
861 3183 898 3226 τε
916 3153 979 3245 τὴν
991 3155 1145 3243 γειναμέ·

132 3272 167 3323 30
185 3278 251 3340 νην
264 3251 386 3336 αὐτους
401 3260 551 3327 ἐκλιπεῖν
564 3258 622 3327 καὶ
636 3257 840 3348 προγονικάς
853 3260 962 3338 ἑστίας
977 3261 1145 3347 ἐρημῶσαι

184 3353 241 3421 καὶ
267 3352 305 3423 τὸ
325 3356 445 3428 λοιπδν
464 3364 572 3429 οἰκεῖν
592 3362 692 3429 ἐν
650 3389 692 3451 τη
719 3363 814 3451 ξένη·
843 3358 894 3443 οἷς
920 3358 1024 3431 ουδέν
1047 3355 1143 3447 ἐπῄει

186 3448 342 3537 λέγεινδί
342 3484 358 3537 ε
376 3458 438 3548 τὴν
451 3460 593 3552 ἐσχάτην
603 3460 953 3554 κατακεκλειμένοις’
934 3462 1095 3553 ανάγκην
1125 3455 1143 3531 ὁ
