2367 3850
393 142 629 206 -Γ-
929 143 992 206 217

30 315 250 392 καταφανεῖς·
296 305 368 375 έκετ
398 301 435 374 δ’
456 300 687 394 ὑπομένοντας
710 301 907 392 ἐκδέχεσθαι
933 303 993 377 τόν

29 404 167 494 καιρόν,
185 402 242 476 ότε
260 410 298 476 αλ
309 402 480 496 Ῥωμαίων
499 434 537 478 τε
562 408 620 477 καλ
638 403 812 496 Ἀλβανῶν
832 405 993 497 δυνάμεις

28 513 227 579 ἐκλιποῦσαι
253 508 333 591 τοάς
351 508 498 600 χάρακας
523 503 579 582 ’ἐπὶ
604 507 665 580 τόν
689 505 805 597 άγοῖνα
830 510 990 599 προελεύ-

27 632 164 699 σονται,
191 614 325 695 (τοῦτον
349 613 387 682 δέ
409 611 561 702 φανερόν
583 625 695 682 ποιείν
718 608 832 693 αότοίς
853 621 992 702 ἔμελλον
1010 615 1015 624 “

28 711 84 784 διά
105 711 290 803 συμβόλων
308 723 432 786 σκοποί
452 741 544 796 τινες
563 719 602 786 έν
615 731 683 797 τοῖς
705 711 798 805 όρεσι
813 719 1025 806 λοχάντες)θ

27 813 107 887 όταν
121 817 171 908 ,δέ
191 814 284 907 άρθῇ
304 816 345 887 τά
365 832 486 906 σημεῖα
506 816 671 906 λαβόντας
690 813 777 888 όττλα
795 834 918 906 χωρείυ
937 817 992 891 ἐπ’

30 916 158 1002 αὐτοὺς
184 925 254 990 ἔδει
275 920 403 1002 πάντας
427 919 512 990 κατά
532 920 646 1009 τάχος,
671 911 729 1010 (ἦν
759 921 795 991 δὲ
820 919 862 992 οὐ
887 921 994 1013 πολλή
1077 957 1081 970 ·

26 1018 48 1112 ή
63 1025 122 1092 έπλ
143 1021 222 1103 τούς
239 1023 388 1113 χαράκας
400 1021 467 1093 άπὸ
477 1022 626 1114 Φιδήνης
639 1025 790 1112 φέρουσα
805 1019 901 1112 ὁδός,
914 1021 990 1096 ἄλλ’

27 1121 148 1215 όσονῆ
169 1127 269 1196 δυσίν
289 1123 425 1216 ὥραιςή
441 1128 550 1215 τρισίν
567 1123 762 1216 ἀνυσθῆναι
775 1124 813 1195 τό
826 1126 992 1216 μακρότα-

29 1231 101 1316 του)
129 1231 354 1317 ἐπιφανέντας
390 1230 427 1300 δὲ
453 1234 502 1320 τῷ
534 1227 642 1317 άγῶυι
667 1231 760 1310 τέλος
791 1226 855 1318 ήδη
882 1236 991 1319 ἔχοντι
1011 1247 1044 1300 10

30 1328 145 1422 ι’όσπερ
171 1330 260 1414 εἰκός
290 1333 397 1422 μηδὲν
421 1329 578 1421 ἡγεῖσθαι
606 1328 748 1421 φίλιον,’
772 1327 848 1402 ἀλλ’
872 1331 932 1403 έάν
957 1359 994 1404 τε

26 1432 182 1524 Ἀλβανοί
206 1440 347 1506 νικῶσιν
373 1434 434 1508 έάν
452 1463 489 1506 τε
502 1432 654 1523 Ῥωμαῖοι
676 1440 822 1506 κτείνειν
840 1434 918 1515 νοός
936 1463 993 1506 τε·

31 1539 236 1628 κρατηκότας
267 1535 390 1608 αὐτῶν.
430 1543 534 1609 ταῦτα
560 1529 605 1627 ήν
628 1535 650 1607 ά
677 1540 857 1626 διέγνωστο
890 1538 993 1628 πράτ-

31 1669 99 1711 τειν
131 1659 204 1722 τοῖς
233 1641 453 1731 προεστηκόσι
479 1647 549 1711 τῶν
581 1640 723 1712 πόλεων.
777 1648 809 1711 εί
836 1640 899 1730 μέν
931 1633 995 1711 οὖν

32 1731 244 1834 θρασύτερον
268 1747 323 1816 ἐπὶ
345 1744 406 1815 τόν
430 1741 545 1833 άγῶνα
570 1739 730 1835 ὅρμησαν
753 1740 994 1833 ἈλβαυολῬω-
1013 1764 1045 1821 15

33 1854 143 1939 μαίων
155 1847 471 1945 καταφρονήσαντες
491 1850 547 1919 καλ
561 1852 623 1943 μιᾷ
639 1864 751 1941 κρίναι
771 1847 858 1939 μάχη
872 1845 913 1918 τά
933 1846 994 1918 ὅλα

35 1954 243 2041 διέγνωσαν,
257 1950 360 2023 οὐδέν
372 1950 416 2023 άν
425 1951 462 2023 τό
469 1957 603 2023 κωλῦον
614 1943 656 2042 ήν
665 1953 723 2025 τόν
737 1980 773 2023 τε
787 1974 993 2023 κατασκευα-

34 2056 160 2125 σθέντα
182 2054 285 2125 δόλον
306 2054 358 2126 ἐπ’
376 2054 491 2138 αότοίς
504 2058 686 2145 λεληθέναι
706 2058 763 2126 καλ
783 2055 995 2149 διεφθάρθαι
1125 2076 1135 2091 ’

34 2156 71 2227 τά
98 2156 330 2248 στρατεύματα
355 2157 469 2229 αὐτῶν
493 2157 682 2249 άμφότερα·
718 2163 783 2229 νῦν
804 2156 841 2227 δέ
869 2153 890 2245 ἡ
919 2162 994 2227 δια·

34 2258 131 2351 τριβή
157 2266 218 2331 τοῦ
241 2264 388 2351 πολέμου
414 2261 601 2350 παράδοξος
620 2260 724 2332 άπασι
750 2261 913 2349 γενομένη
939 2260 996 2329 καί
1013 2283 1047 2340 20

35 2360 189 2454 όχρόνος
213 2366 251 2433 έν
278 2355 304 2459 ᾧ
338 2364 624 2454 παρεσκευάζοντο
643 2361 748 2445 πολὺς
768 2360 998 2451 άφελαυσθελς

36 2469 164 2555 διέχεεν
176 2464 291 2536 αὐτῶν
304 2465 344 2536 τά
358 2467 577 2557 βουλεύματα.
605 2473 674 2537 τῶν
686 2464 751 2554 γάρ
764 2468 801 2535 έκ
815 2469 872 2555 τῆς
885 2486 996 2535 συνω-

37 2577 152 2659 μοσίας
164 2570 270 2658 τινές,
286 2580 353 2640 εἴτε
367 2578 474 2641 οίκεία
487 2571 590 2659 κέρδη
604 2571 847 2661 περιβαλέσθαι
861 2573 995 2657 ζητοῦν-

36 2700 87 2755 τες
111 2684 179 2744 είτε
200 2688 270 2753 τοῖς
292 2671 568 2761 κορυφαιοτάτοις
588 2678 657 2743 τόν
683 2673 856 2761 σφετέρων
882 2668 997 2743 καὶτὸ

37 2783 136 2867 ἔργον
154 2779 427 2866 εἰσηγησαμένοις
440 2781 651 2866 φθονοῦντες
671 2784 737 2846 εἴτε
758 2773 904 2864 μήνυσιν
925 2777 993 2847 ἑτέ·
1013 2788 1047 2839 25

38 2908 105 2969 ρων
129 2879 295 2967 δεδιότες,
318 2876 381 2948 ότι
402 2888 537 2959 πολλοῖς
562 2881 691 2968 συνέβη
713 2890 840 2949 παθεῖν
866 2883 904 2950 έν
926 2892 999 2958 ταῖς

23 2983 317 3071 ιπολυαυθρεόποις
330 2984 385 3052 καλ
405 2982 651 3072 χρονιζομέναις
668 2987 909 3071 συνωμοσίαις,
931 2990 998 3049 ελτε

38 3081 198 3156 ὑποθέσει
221 3082 481 3175 ἀναγκαζόμενοι
496 3085 631 3175 γυιάμης
652 3082 715 3157 οὐκ
729 3083 884 3173 άξιοόσης
898 3088 998 3170 ἔργον
1038 3172 1041 3179 .

39 3186 172 3259 άνόσιον
196 3196 244 3269 είς
265 3185 401 3275 εὐτυχές
426 3193 637 3276 κατασκήψαι
658 3192 750 3269 τέλος
778 3186 921 3276 μηνυταὶ
944 3191 997 3273 γίὲ

40 3321 151 3363 νονται
163 3306 235 3371 τοῖς
248 3298 419 3380 πολεμίοις
431 3297 493 3362 τοῦ
511 3290 624 3362 δόλον.
736 3364 738 3367 ,
1015 3306 1049 3359 30

112 3394 184 3464 Vll.
212 3399 323 3464 Ταῦτα
346 3392 389 3483 δή
405 3390 560 3483 μαθόνό
581 3393 788 3479 Φουφέττιος
810 3396 858 3460 ἔτι
872 3393 1000 3478 μάλλον

44 3504 180 3577 ἔσπευσε
197 3496 402 3594 ποιήσασθαι
412 3495 474 3584 ’τὰς
488 3495 674 3580 διαλύσεις,
690 3488 734 3578 τός
748 3489 828 3562 οὐδὲ
843 3494 999 3583 αἱρέσεως
