2367 3850
10 153 14 162 .
64 187 67 191 ,
182 113 246 176 ωε
550 141 597 155 -
652 106 685 171 r
736 141 781 154 -
852 102 854 111 ’
1179 177 1181 198 ,

1177 203 1181 242 ι

183 270 246 342 ούκ
260 269 434 362 ἠξιοῦμεν,
452 273 591 359 ἐπείπερ
611 266 686 341 οὐδ’
703 267 850 361 ἤρξαμεν
870 266 966 340 αὐτοὶ
987 269 1146 361 πρότεροι

184 382 246 446 τοῦ
265 377 430 464 πολέμου,
453 372 616 461 άρξαντας
631 373 670 444 δὲ
693 370 907 463 ήμυνάμεθα.
932 371 1144 463 Ιἀποτιθεμέ-

184 507 256 550 νων
266 479 305 548 δδ
316 474 414 567 ύμοῑν
427 475 467 547 τά
479 474 566 546 ὅπλα
578 475 813 567 δεχόμεθαπάς
825 476 1026 566 προκλήσεις
1039 475 1142 566 ἀσμε-

182 610 237 653 νοι
263 582 321 651 καὶ
346 580 424 668 περὶ
459 585 652 667 διαλλαγῶν
682 576 784 650 οὐδέν
817 577 1181 670 ἀκριβολογούμεθα,θ

149 681 268 756 σάλλά
288 682 347 764 τάς
372 690 550 772 κρατίστας
570 711 606 752 τε
628 684 684 752 καὶ
707 682 1021 772 μεγαλοψυχοτάτας
1051 683 1141 771 ‹5226-

108 795 114 799 ’
182 799 273 877 μεθα
289 792 358 856 πᾶν
379 783 527 874 ἀδίκημα
548 787 603 856 καὶ
625 792 693 854 πᾶν
711 781 889 875 άμάρτημα
903 789 960 874 τῆς
970 784 1145 874 Ἀλβανῶν

182 889 311 969 πόλεως
325 885 498 976 ἀφιέντες,
527 895 559 958 εί
572 886 615 977 δή
629 891 686 958 καὶ
699 887 795 959 κοινά
810 887 872 978 χρή
886 898 1005 958 καλεῖν
1016 887 1145 970 πόλεως

181 990 419 1082 ἁμαρτήματα,
448 982 497 1062 τόν
518 987 733 1080 ὁστρατηγδς
753 988 849 1080 ὑμῶν
863 999 1022 1072 Κλοίλιος
1041 1002 1145 1074 αἴτιος

182 1087 243 1185 ήν,
273 1091 308 1175 ὃς
321 1089 407 1181 ὑπὲρ
421 1091 623 1183 ἀμφοτέρων
637 1091 731 1183 ήμῶν
750 1092 792 1165 ού
805 1092 955 1184 μεμπτὰς
967 1096 1080 1164 τέτικε
1095 1099 1143 1164 δί-

132 1219 165 1271 10
183 1227 243 1280 κας
264 1214 333 1277 τοῖς
350 1208 453 1277 θεοῖς.
486 1193 643 1284 ἀφείσθω
666 1195 707 1285 δή
721 1203 810 1267 πάσα
831 1197 1034 1287 ἐγκλήματος
1054 1203 1144 1268 ίδίου
1179 1249 1181 1290 Ι

181 1302 292 1371 τεκαὶ
315 1306 434 1368 κοινού
453 1299 621 1389 πρόφασις
641 1301 697 1369 καὶ
710 1298 854 1388 μηδενός
874 1306 922 1369 ἔτι
942 1299 1058 1390 μνήμη
1076 1305 1144 1370 τῶν

181 1400 468 1493 παρεληλυθότων
480 1409 565 1472 ἔστω
579 1407 711 1490 κακῶν,
727 1399 770 1484 ὥς
786 1405 925 1490 καί-σοὶ,
942 1395 969 1471 ὦ
985 1406 1141 1491 Φουφέτ-

180 1533 249 1594 τιε,
273 1511 382 1575 δοκεῖ·
405 1501 482 1574 ἀλλ’
498 1502 562 1575 ούκ
579 1502 709 1596 ἀπόχρη
723 1512 821 1576 τοῦτο
840 1507 944 1595 μόνον
964 1503 1051 1594 ήμάς
1064 1528 1140 1582 σκο-

180 1624 275 1698 πεῖν,
296 1605 385 1688 ὅπως
405 1605 450 1677 ἀν
462 1606 525 1696 τήν
543 1613 721 1693 παροῦσαν
743 1617 870 1699 ἔχθραν
892 1614 1141 1698 διαλυσαίμεθα
1180 1647 1181 1676 ι

131 1736 163 1789 15
182 1711 264 1802 πρὸς
285 1709 465 1799 ἀλλήλους,
490 1708 568 1780 ἀλλ’
586 1707 630 1792 ως
658 1709 739 1801 μηδ’
761 1704 864 1793 αὖθίς
890 1737 971 1782 ποτε
995 1711 1140 1802 πολεμή·
1180 1717 1181 1776 3

56 1804 58 1808 ⁵
181 1836 293 1900 σωμεν
310 1804 370 1882 έτί
381 1819 436 1883 δεῖ
458 1813 799 1904 παρασκευάσασθαι·
826 1811 868 1885 ού
888 1813 952 1902 γάρ
973 1811 1141 1903 ἀναβολάς

180 1915 394 2005 ποιησόμενοι
408 1920 477 1986 τάν
492 1922 606 1987 κακῶν
622 1915 920 2009 συνεληλύθαμεν,
940 1913 1014 1987 ἀλλ’
1032 1913 1139 1988 ἀπαλ-

180 2018 294 2108 λαγάς.
311 2027 361 2100 τίς
372 2009 467 2107 ούνή
482 2027 604 2109 βεβαία
616 2025 678 2091 τοῦ
689 2023 836 2111 πολέμου
853 2018 1033 2101 κατάλυσις
1048 2029 1139 2091 ἔσται
1179 2042 1180 2049 “

180 2124 237 2193 καὶ
262 2128 298 2192 τί
315 2123 541 2211 παρασχόντος
569 2130 617 2203 εἰς
637 2122 677 2193 τά
699 2124 876 2213 πράγματα
902 2122 1053 2214 ἑκάτεροι
1074 2128 1140 2193 νῦν
1179 2154 1180 2157 “

128 2244 163 2294 εο
180 2253 215 2295 τε
239 2227 295 2295 καὶ
319 2231 367 2306 είς
387 2222 449 2295 τόν
469 2222 522 2295 ἀεὶ
544 2224 667 2314 χρόνον
693 2226 838 2316 ἐσόμεθα
863 2234 975 2316 φίλοι,
1007 2224 1054 2297 σύ
1078 2225 1140 2315 μὲν

179 2332 377 2419 παρέλιπες,
391 2318 420 2396 ύ
433 2331 638 2416 Φουφέττιε,
659 2326 725 2417 έγά
740 2328 776 2399 δ’
785 2329 839 2401 ’ἔτι
852 2330 908 2399 καὶ
922 2334 1020 2399 τούτο
1034 2348 1137 2419 προσ-

182 2417 297 2501 θεῑύαι
311 2430 522 2520 πειράσομαι.
554 2438 585 2501 εί
599 2431 785 2503 παύσαιντο
805 2432 868 2521 μὲν
879 2429 1031 2521 Ἀλβανοὶ
1046 2442 1137 2521 φθο-

177 2539 316 2615 νοῦντες
328 2531 498 2622 Ῥωμαίοις
515 2530 572 2623 ἐφ’
589 2529 639 2614 οἷς
654 2542 787 2623 ἔχουσιν
801 2532 952 2623 ἀγαθοῖς,
976 2530 1038 2604 οὐκ
1052 2532 1138 2603 ἀνευ
1154 2538 1179 2630 λή

177 2635 334 2723 μεγάλων
354 2637 527 2708 κινδύνων
545 2636 613 2707 καί
622 2636 737 2707 πόνων
757 2644 892 2708 πολλῶν
914 2634 999 2706 αύτά
1013 2636 1135 2726 κτησά»

126 2758 160 2809 2ο
177 2763 289 2827 μενοι,
306 2737 425 2821 (οὐδὲν
445 2744 531 2829 γοῦν
543 2736 758 2821 Ιπεπονθότες
777 2736 840 2836 ὑφ’
856 2736 951 2828 ἡμῶν
971 2735 1049 2809 οὔτε
1063 2755 1135 2829 μεῖ-

177 2850 234 2926 ζον
252 2836 331 2909 οὔτε
346 2847 484 2912 ἔλαττον
505 2840 612 2912 κακὸν
636 2839 692 2913 διά
705 2847 803 2911 τοῦτο
818 2858 944 2931 μισεῖτε
958 2838 1063 2931 ήμάς,
1086 2840 1137 2911 ὅτι

178 2947 344 3031 δοκοῦμεν
356 2940 496 3031 ἄμεινον
509 2941 606 3034 ὑμῶν
620 2944 792 3035 πράττειν)
809 2944 995 3015 παύσαιντο
1011 2946 1047 3015 δὲ
1057 2941 1134 3013 Ῥω·
1177 2976 1178 2996 1

36 3134 44 3149 .
175 3060 267 3135 μαίοι
282 3043 329 3116 δι’
344 3042 491 3131 ἀπονίας
504 3053 635 3135 ἔχοντες
643 3044 825 3137 Ἀλβανούς
839 3043 882 3128 ὡς
896 3047 1134 3137 ἐπιβουλεύου-

175 3176 235 3230 τας
255 3146 312 3220 ἀεί
329 3170 427 3239 σφισι
447 3151 503 3221 καὶ
523 3149 770 3240 φυλαττόμενοι
792 3150 948 3240 καθάπερ
968 3152 1133 3239 ἐχθρούς·

126 3272 160 3325 30
176 3248 219 3319 ού
231 3250 295 3341 γάρ
308 3248 352 3323 ἀν
365 3255 495 3341 γένοιτο
508 3260 653 3342 βεβαίως
669 3260 766 3341 φίλος
783 3258 832 3347 τῷ
843 3258 998 3343 μισοῦντι
1011 3252 1133 3335 οὐδείς.

177 3357 248 3431 πῶς
267 3346 330 3422 οὖν
350 3356 526 3445 γενήσεται
546 3354 676 3425 τούτων
696 3356 873 3445 ἕκάτερονς
901 3354 963 3427 ούκ
978 3354 1038 3427 έάν
1052 3356 1132 3445 γρά-

176 3466 294 3538 φωμεν
311 3452 397 3525 αὐτά
413 3461 452 3527 έν
470 3474 543 3538 ταῖς
562 3452 754 3545 ὁμολογίαις
780 3455 856 3527 οὐδ’
875 3456 936 3529 έάν
956 3455 1132 3548 ὀμόσωμεν
