2367 3850
400 139 638 209 -13-2-
942 122 1070 210 ευτ’

20 314 162 376 ῖκαλεῖν
177 303 302 388 αύτούς
326 309 382 377 έπὶ
401 308 439 379 τό
462 314 620 380 δεῖπνον·
654 307 938 403 παραγενομένοις
964 307 1002 378 δὲ

43 407 125 479 κατά
156 407 218 498 τὴν
240 407 503 498 ἀποδειχθεῖσαν
527 409 621 499 όραν
641 414 801 496 ἐπιδεῖξαι
828 410 1003 499 στρωμνάς

41 538 77 582 τε
84 519 281 593 πολυτελεῖς
290 515 346 583 καὶ
355 516 516 602 τραπέζας
525 513 732 601 ἐκπωμάτων
745 512 910 602 γεμούσας
920 520 1000 582 πολ·

42 619 110 684 λων
123 616 183 683 καὶ
196 621 311 685 καλεῖν
331 619 478 688 ἑστίασίν
491 644 528 686 τε
545 613 660 696 αὐτοῖς
680 627 885 705 παραθεῖναι
899 641 1000 684 κατα-

42 726 213 787 κλιθεῖσιν
237 715 367 808 άπάσης
394 724 540 808 ἐδωδῆς,
567 715 613 807 ἣν
638 715 714 789 οὐδ’
741 715 785 790 ἂν
812 723 849 788 ἐκ
877 721 1035 788 πολλούθ

41 819 130 889 πάνυ
144 818 271 909 χρόνον
284 823 612 910 παρασκευάσασθαί
620 848 688 890 τινι
700 826 770 890 τεόν
778 820 852 890 τότε
862 818 999 910 ιἰνθριύ-

41 947 113 992 πων
122 922 247 1014 ῥᾴδιον
258 914 313 1012 ἦν.
336 939 407 1006 τοῖς
420 925 458 996 δὲ
466 922 638 1014 Ῥωμαίοις
651 914 856 1012 κατάπληξίν
865 921 1001 1012 τειπρός

41 1028 183 1095 ἕκαστον
196 1033 267 1097 τῶν
278 1024 460 1117 ὁρωμένων
478 1024 647 1097 ὑπελθεῖν
666 1027 722 1097 καλ
739 1026 840 1110 δόξαν
857 1029 891 1110 έξ
913 1029 999 1096 ἐκεί-

41 1134 173 1198 νοντοῦ
185 1129 310 1219 χρόνον
319 1136 528 1221 παραστῆναι
541 1131 691 1219 βέβαιον,
706 1124 758 1199 ὅτι
769 1128 836 1200 θεά
844 1156 895 1210 τις
909 1125 1001 1220 αύτῷ

42 1234 157 1319 συνῆν.
832 1235 835 1243 ⁴
892 1242 897 1268 ¹
1018 1246 1051 1299 ιο

112 1333 199 1404 ΙεΧΙ.
230 1338 276 1403 οί
287 1333 324 1405 δδ
343 1332 385 1404 τά
397 1334 544 1424 μυθάδη
556 1333 667 1405 πάντα
688 1338 941 1432 περιαιροῦντες
960 1337 999 1402 ἐκ

41 1441 93 1524 τῆς
117 1442 268 1521 ίστορίας
293 1437 488 1508 πεπλάσθαι
514 1440 621 1525 φασὶν
643 1432 710 1506 ύπό
730 1441 791 1506 τού
813 1434 913 1525 Νόμα
940 1433 1000 1504 τὸν

41 1539 188 1628 περὶτῆς
197 1537 352 1628 Ἠγερίας
367 1539 485 1628 λόγον,
510 1545 568 1610 ἵνα
581 1543 666 1631 ῥᾷον
685 1536 777 1632 αύτῷ
790 1540 1000 1630 προσέχωσιν

42 1646 72 1710 of
80 1639 119 1710 τά
131 1652 218 1711 θεῖα
233 1642 380 1723 δεδιότες
393 1645 449 1713 καὶ
464 1641 649 1731 προθύμως
663 1644 826 1730 δέχωνται
838 1639 916 1720 τούς
935 1636 996 1710 ὑπ’

42 1741 143 1814 αότού
163 1745 365 1833 τιθεμένους
382 1741 524 1835 νόμους,
549 1740 595 1826 ὦς
607 1742 698 1833 παρά
711 1749 806 1818 θεόν
826 1743 996 1833 κομιζομέ-
1017 1763 1048 1816 ιθ

42 1873 123 1928 νους.
159 1854 282 1937 λαβεῖν
296 1848 334 1918 δέ
347 1845 452 1918 αύτόν
468 1847 532 1938 τὴν
544 1847 675 1918 τούτων
688 1854 828 1938 μίμησιν
850 1843 998 1935 άποφαί-

42 1972 156 2021 νουσιν
183 1953 222 2021 ἐκ
242 1956 311 2021 ταῖν
326 1949 530 2041 Ἑλληνικῶν
549 1951 831 2039 παραδειγμάτων
850 1948 1000 2040 ζηλωτὴν

43 2053 222 2143 γενόμενον
242 2059 300 2144 τῆς
312 2082 349 2125 τε
363 2063 465 2126 Μίνω
480 2060 542 2125 τού
555 2053 686 2143 Κρητός
701 2056 756 2125 καὶ
770 2060 827 2143 τῆς
840 2052 997 2142 Λυκούρ-

42 2185 98 2245 γου
117 2162 183 2226 τοῦ
195 2163 467 2247 Λακεδαιμονίου
484 2164 621 2246 σοφίας·
650 2148 700 2227 οἷν
718 2154 736 2226 ὁ
757 2156 819 2245 μὲν
840 2152 998 2245 ὁμιλητὴς

42 2267 100 2349 ἔφη
119 2262 284 2347 γενέσθαι
302 2265 365 2330 τού
383 2260 469 2341 Διός
487 2264 543 2330 καλ
563 2265 693 2350 φοιτύν
714 2267 762 2339 είς
781 2258 819 2329 τὸ
833 2270 997 2329 Δικταῖον
1015 2275 1049 2327 20

42 2360 128 2452 όρος,
151 2366 192 2433 έν
204 2355 233 2457 ᾦ
244 2368 413 2452 τραφῆναι
425 2362 486 2433 τόν
497 2370 568 2434 Δία
587 2365 839 2452 μυθολογοῦσιν
860 2367 894 2431 οί
905 2365 995 2449 KQ&L

42 2492 88 2546 τις
107 2463 180 2535 ύπό
199 2472 269 2536 τεόν
289 2467 476 2557 Κουρήτων
497 2463 641 2555 νεογνόν
667 2463 767 2551 ὄντα,
798 2465 998 2552 κατέβαινεν

13 2574 86 2649 λείς
108 2567 147 2639 τό
169 2566 262 2657 ίερδν
286 2566 412 2655 ἄντρον
439 2568 593 2649 καὶτοὺς
613 2566 738 2657 νόμους
761 2571 830 2637 ἐκεῖ
855 2566 999 2646 συνθεὶς

42 2671 203 2759 ἐκόμιζεν,
227 2668 288 2752 ούς
307 2669 474 2761 ἀπέφαινε
491 2670 583 2760 παρά
606 2676 667 2741 τού
685 2668 768 2749 Διὸς
789 2669 996 2759 λαμβάνειν·

41 2770 57 2840 ό
76 2775 111 2843 δὲ
124 2781 326 2865 Λυκοῦργος
347 2784 395 2856 είς
405 2773 566 2864 Δελφούς
580 2771 829 2863 ἀφικνούμενος
853 2769 917 2843 όπδ
937 2776 999 2843 τοῦ
1015 2792 1048 2843 2ο

39 2870 242 2958 ’Λπόλλωνος
251 2884 318 2967 ἔφη
332 2878 554 2949 διδάσκεσθαι
564 2876 628 2965 τὴν
641 2882 860 2964 νομοθεσίαν.
884 2874 921 2945 τό
935 2876 998 2964 μέν

42 2970 98 3048 νύν
109 2977 409 3069 άκριβολογεῖσθαι
422 2983 501 3068 περὶ
513 2986 583 3051 τάν
595 2984 753 3069 μνθικοῖν
769 2976 997 3065 ἱστορημάτων

41 3086 90 3152 καλ
110 3084 254 3173 μάλιστα
275 3088 345 3153 τάν
367 3091 415 3164 είς
442 3082 545 3165 θεούς
564 3080 831 3172 ἀναφερομένων
857 3083 998 3168 μακράν

41 3184 146 3273 λόγων
160 3186 324 3275 δεόμενον
336 3182 427 3277 δρῶν
440 3186 546 3272 έάσω,
560 3182 633 3257 άδέ
639 3212 695 3276 μοι
711 3188 869 3255 δοκοῦσιν
883 3177 997 3266 άγαθά

36 3282 182 3377 Ῥωμαῖοι
195 3296 315 3378 λαβεῖν
329 3294 367 3359 έκ
380 3294 439 3378 τῆς
452 3292 585 3361 ἐκείνου
601 3293 662 3359 τού
675 3284 799 3374 ἀνδρὸς
812 3282 929 3372 άρχῆε,
953 3277 997 3363 αἷς
1014 3302 1048 3357 ³0

42 3390 74 3459 ἐκ
84 3396 155 3462 τοῖν
164 3394 354 3484 ἐπιχωρίων
364 3398 494 3481 ἔμαθον
500 3396 663 3481 ίστοριαίν
673 3386 897 3476 ἀφηγήσομαι,
911 3410 995 3475 προ·
1023 3448 1028 3459 .

42 3493 140 3565 ειπύν
162 3498 199 3566 ἐν
217 3501 305 3577 οἵαις
325 3494 486 3585 ἐτύγχανε
498 3507 657 3586 ταραχαῖς
678 3489 720 3559 τὰ
739 3488 918 3579 πράγματα
939 3491 997 3577 τῆς
