2367 3850
192 132 254 195 200
552 130 786 192 —B-

192 290 261 366 καί
277 299 363 363 εἰσιν
387 283 480 363 ούτοι
506 297 565 382 τής
592 295 723 382 πομπής
757 286 919 382 ἡγεμόνες
953 291 1145 381 καλούμενοι

195 394 278 486 πρὸς
298 393 411 466 αὐτῶν
437 398 492 466 έπί
509 402 567 486 τῆς
589 401 725 476 παιδιᾶς
743 401 802 482 τῆς
823 391 889 466 ὑπὸ
913 400 1042 466 Λυδῶν
1061 400 1143 479 ἐξευ·

195 501 320 591 ρήσθαι
341 496 503 588 δοκούσης
529 505 710 585 λυδίωνες,
740 497 867 580 εἰκόνες
894 495 939 580 ῶς
965 501 1039 589 έμοί
1061 505 1147 570 δοκεί

196 608 265 674 τῶν
285 609 427 672 σαλίων·
455 605 527 673 ἐπεὶ
539 608 607 673 τῶν
620 631 658 691 γε
672 607 894 692 Κουρητικῶν
913 599 1017 672 οὐδὲν
1038 599 1142 692 ῶσπερ

163 711 232 778 5οἰ
254 705 363 777 σάλιοι
388 711 514 832 δρῶσιν
538 702 612 776 οὔτ’
639 709 677 776 ἰν
696 702 814 796 ύμνοις
842 702 914 775 οὔτ’
942 709 980 776 ἐν
1008 701 1144 794 ὀρχήσει.

196 815 281 902 χρήν
294 809 332 878 δὲ
353 809 492 890 τούτους
511 809 712 899 ἐλευθέρους
725 827 761 878 τε
780 808 866 879 εἰναι
881 810 937 878 καί
957 805 1131 897 αύθιγενε·

198 915 255 983 καί
274 909 541 1002 ἆμφιθαλεῑς,ο
524 909 657 983 ο’ἰίδ
625 914 711 982 εἰσὶν
732 915 765 995 ἐξ
785 909 1083 1036 ὁποιαςδήποτε’
1040 941 1141 1001 τνχης,

196 1014 280 1086 τί
242 1044 306 1104 γαρ
320 1014 421 1085 δεῖ
385 1043 426 1085 τα
445 1022 547 1087 πλείω
562 1012 696 1105 περί’
655 1021 767 1084 αυτῶυ
781 999 941 1108 γρύφειν;

273 1118 402 1189 LXXII.
434 1115 479 1188 ‘H
495 1117 531 1193 δ’
554 1120 678 1209 ἑβδόμη
699 1133 798 1208 μοῖρα
819 1125 877 1208 τής
898 1123 988 1209 ἰερᾶς
1008 1129 1140 1208 νομοθε

146 1246 180 1297 10
196 1229 270 1302 σίας
288 1226 335 1317 τῶ
355 1222 537 1313 συστήματι
558 1227 745 1313 προσετεθη
764 1226 832 1292 τῶν
835 1222 1068 1348 καλουμένων
1089 1250 1141 1310 φε-

195 1292 343 1396 τιαλίῶν.
376 1315 468 1396 οὗτοι
495 1322 573 1395 δ’
551 1355 595 1396 αν
621 1337 738 1416 είησαν
763 1323 846 1395 κατὰ
872 1323 933 1414 τήν
956 1321 1140 1446 Ἑλληνικήν

196 1427 397 1518 καλούμενοι
422 1427 597 1500 διάλεκτον
624 1434 908 1521 εἰρηνοδίκαιί
877 1429 940 1498 εἰσί
969 1426 1005 1498 δ’
1027 1431 1064 1498 έκ
1083 1434 1139 1497 τῶν

196 1528 344 1624 ἆρίστων
364 1541 468 1602 οἰκων
480 1530 602 1621 ἄνδρες
617 1535 782 1604 ἐπίλεκτοι
804 1530 859 1602 διὰ
875 1530 999 1613 παντὸς
1014 1531 1136 1621 ἰερωμε-

125 1657 128 1663 ’
196 1664 250 1707 νοι
270 1640 333 1706 τού
344 1642 424 1724 βίον
432 1688 443 1722 ,
469 1635 569 1726 Νόμα
581 1641 643 1705 τοῦ
656 1638 818 1725 βασιλέως
832 1632 966 1724 πρῶτον
984 1636 1136 1705 καὶτοῦτο

147 1766 179 1816 15
192 1736 362 1831 Ῥωμαίοις
380 1737 418 1808 τὸ
439 1737 530 1828 ἰερδν
543 1737 678 1828 ἀρχεῖον
690 1741 1000 1827 καταστησαμένου·
1030 1743 1059 1808 εἰ
1070 1741 1134 1826 μέν·

196 1869 248 1911 τοι
261 1840 350 1933 παρὰ
369 1846 440 1912 τῶν
456 1843 676 1933 καλουμένων
692 1847 864 1911 Αἰκικλῶν
884 1840 921 1910 τὸ
942 1840 1136 1932 παράδειγμα

168 1941 367 2031 ἕλαβεν”
340 1970 453 2035 ωσπερ
476 1953 607 2017 οίονταί
622 1974 729 2035 τινες,
752 1943 876 2035 ήπαρῶ
896 1951 953 2035 τής
964 1945 1135 2037 Ἀρδεατῶν

197 2044 374 2128 πόλεως
350 2078 396 2131 ως
421 2048 545 2138 γράφει
563 2051 700 2131 Γέλλιος
726 2046 788 2121 οὐκ
819 2055 882 2137 ἔχω
906 2046 1079 2174 λέμειν,’
1064 2047 1132 2117 από-

196 2179 259 2240 χρη
274 2153 314 2221 δέ
325 2180 380 2242 μοι
396 2156 534 2222 τοσοῦτο
557 2152 661 2241 μόνον
682 2160 806 2240 εἰπεῖν,
828 2149 878 2222 ὅτι
895 2152 959 2242 πρὸ
981 2159 1037 2243 τής
1050 2147 1133 2240 Νόμα

147 2273 181 2324 20
198 2252 299 2345 ἀρχῆς
319 2252 413 2325 οὔπω
428 2253 465 2326 τδ
485 2259 553 2325 τῶν
573 2262 794 2346 εἰρηνοδικῶν
807 2255 957 2345 σύστημα
974 2282 1060 2346 παρα
1049 2251 1164 2350 Pon-36

197 2364 307 2447 μαίοις
320 2350 371 2447 ήν.
399 2358 623 2447 κατεστήσατο
643 2356 676 2430 δ’
693 2357 774 2429 αὐτὸ
793 2358 910 2450 Νόμας
929 2358 986 2428 ὅτε
1002 2357 1131 2447 Φιδηνῶ-

196 2488 269 2541 τοιις
288 2467 403 2549 ἔμελλε
426 2471 586 2551 πολεμεῖν
611 2470 764 2553 ληστείας
784 2464 840 2532 καί
862 2461 1069 2552 καταδρομὰς
1087 2466 1132 2548 τής

196 2563 307 2653 χῶρας
327 2560 432 2635 αὐτοῦ
453 2567 705 2655 ποιησαμένοις,
738 2573 770 2636 εἰ
787 2564 964 2656 βούλοιντο
982 2570 1131 2655 συμβῆναι

198 2672 274 2754 δίχα
293 2669 441 2757 πολέμου
460 2666 543 2758 πρὸς
563 2665 683 2757 αὐτὸν,
709 2667 791 2757 ὅπερ
805 2675 853 2749 εἰς
873 2666 1026 2758 ἀνάγκην
1046 2694 1129 2738 κατο-

147 2794 180 2844 25
197 2768 331 2851 στάντες
357 2761 528 2860 ἐποίησαν.
566 2784 676 2863 οἰομαι
705 2770 737 2842 δ’
766 2771 947 2862 ἐπειδήπερ
968 2769 1031 2861 οὐκ
1057 2780 1130 2841 ἔστιν

197 2870 375 2961 έπιχῶριον
391 2871 528 2964 Ἕλλησι
547 2873 584 2947 τὸ
596 2878 673 2966 περὶ
690 2873 767 2956 τούς
788 2880 998 2965 εἰρηνοδίκας
1016 2872 1130 2963 ἀρχείου

198 2972 381 3063 ἀναγκαῖον
394 2978 484 3049 εἷναί
490 3008 546 3068 μοι
556 2980 670 3050 πόσων
682 2981 737 3051 καὶ
752 2987 903 3069 πηλίκων
917 2981 987 3049 ἐστὶ
997 2975 1128 3068 πραγμύ-

197 3106 266 3148 των
277 3078 396 3169 κύριον
410 3086 571 3170 διελθεῖν,
586 3089 643 3153 ἵνα
655 3101 722 3165 τοῖς
735 3080 896 3172 ἀγνοοῦσι
910 3080 971 3171 τήν
980 3077 1129 3169 Ῥωμαίων

198 3178 390 3271 εὐσέβειαν,
412 3178 455 3272 ἢν
471 3188 506 3253 οἰ
521 3184 594 3254 τότε
608 3184 728 3276 ἄνδρες
741 3183 962 3278 ἐπετήδευον,
983 3184 1027 3273 μή
1040 3179 1128 3270 παρί-

148 3296 180 3347 30
198 3285 296 3363 δοξον
312 3285 398 3355 εἰναι
419 3290 512 3375 φανῇ
524 3284 560 3355 τὸ
574 3286 700 3368 πάντας
720 3287 832 3371 αὐτοῖς
845 3320 882 3359 το
871 3289 1069 3360 κάλλιστον
1082 3294 1127 3353 λα-

196 3390 271 3466 βεῑν
292 3385 369 3467 τοὺς
389 3390 554 3478 πολέμους
572 3392 674 3469 τέλος.
708 3386 868 3462 ἁπάντων
882 3392 946 3483 γὰρ
961 3390 1069 3462 αὐτῶν
1081 3385 1127 3467 τίς

196 3477 302 3569 60269
316 3489 427 3557 καλ
390 3518 449 3572 τας
473 3488 653 3573 ὑποθέσεις
676 3489 913 3581 εὐσεβεστάτας
940 3494 1126 3585 φανήσονται
