2367 3850
188 139 251 212 230
556 175 609 191 -·-
660 146 794 211 F.-

189 314 258 379 τῶν
279 308 341 398 μέν
360 311 467 395 τιμῶν
486 309 590 379 πλέον
610 307 708 379 αύτοὶ
726 312 911 400 φέρεσθαι,
941 306 1013 378 τῶν
1034 309 1074 379 δὲ
1095 308 1147 378 τό·

190 439 263 482 νων
280 417 428 480 ἔλαττον.
467 407 486 478 ό
507 411 545 482 δέ
563 410 722 501 Ἀλβανὸς
739 412 777 482 τό
796 413 859 502 μέν
876 408 1003 500 ὀλίγοις
1023 413 1147 504 στόμασι

191 511 407 585 κινδυνεύειν
435 512 494 593 τὰς
521 515 635 595 πόλεις
659 514 774 603 ὀρθῶς
799 514 951 603 ἐνόμιζεν
982 519 1147 604 είρῆσθαι,

192 619 270 705 περὶ
296 616 331 686 δέ
354 621 412 705 τῆς
440 617 490 686 ένλ
512 615 595 705 πρὸς
620 620 681 688 ἕνα
708 619 814 708 μάχης
841 618 1016 706 διεφέρετο
1045 619 1177 706 λέγωνιι

157 735 173 786 5
191 718 243 790 ότι
257 733 326 799 τοῖς
342 718 405 806 μέν
419 714 617 808 ἡγουμένοις
628 713 700 790 τῶν
714 724 951 811 στρατοπέδων
964 718 1050 790 ὅταν
1062 726 1147 790 ίδίαν

75 809 79 819 ’
193 820 502 905 κατασκευάζωνται
529 828 732 894 δυναστείαν
757 821 858 903 καλός
884 823 941 892 καὶ
969 820 1147 912 ἀναγκαῖός

193 928 285 996 ἐστιν
305 919 322 993 ὁ
342 924 420 1014 περὶ
440 929 497 1014 τῆς
523 923 627 1016 ἀρχῆς
647 924 731 1013 πρός
750 923 914 1015 ἀλλήλους
937 923 1049 1013 ἀγῶν,
1083 941 1148 1006 ταῖς

194 1026 232 1096 δὲ
250 1025 388 1097 πόλεσιν
408 1023 524 1108 αύταλς
543 1026 683 1098 έπειδάν
698 1024 784 1118 ύττὲρ
798 1034 867 1100 τῶν
885 1034 1065 1117 πρωτείων
1079 1035 1147 1100 δια·

193 1130 364 1219 φέρωνται
391 1128 474 1218 πρὸς
500 1125 644 1220 ἀλλήλας
668 1128 710 1201 ού
733 1131 839 1220 μόνον
870 1130 1042 1219 σφαλερός
1070 1130 1148 1202 ἀλλὰ

143 1239 176 1291 10
193 1233 250 1302 καλ
270 1231 404 1319 αἰσχρός
424 1228 442 1300 ό
466 1230 522 1301 διὰ
545 1241 749 1322 μονομαχίας
768 1239 946 1321 κίνδυνος,
969 1235 1031 1306 έάν
1045 1263 1083 1306 τε
1098 1240 1149 1324 τῆς

188 1341 382 1422 ’κρείττονος
417 1334 585 1424 λάβωνται
617 1335 720 1424 τύχης
751 1336 812 1406 έάν
842 1363 878 1406 τε
907 1341 965 1424 τῆς
992 1346 1146 1428 χείρονος.

193 1453 282 1526 τρεῖς
309 1436 346 1506 δὲ
380 1435 506 1527 ἀνδρας
532 1440 726 1518 έπιλέιιτόυς
751 1435 812 1526 ἀφ’
841 1440 998 1528 ἑκατέρας
1025 1441 1148 1519 πόλεως
1176 1500 1177 1505 ,

193 1537 439 1626 συνεβούλευεν
466 1536 533 1610 ύπό
554 1538 617 1630 τὴν
643 1537 803 1612 ἁπάντων
823 1538 906 1624 ὄφιν
922 1539 1098 1632 Ἀλβανῶν
1116 1569 1148 1611 τε
1176 1620 1177 1641 ἦ

193 1646 250 1712 καὶ
259 1638 429 1731 Ῥωμαίων
443 1648 723 1731 διαγωνίσασθαι.
741 1638 1011 1733 ἐπιτηδειότατον
1024 1643 1093 1734 γὰρ
1107 1643 1147 1715 εί·
1176 1652 1177 1669 I

144 1767 176 1818 15
194 1773 250 1815 ναι
268 1744 366 1814 τόνδε
380 1744 438 1814 τόν
451 1744 599 1834 ἀριθμόν
617 1753 665 1826 είς
677 1743 812 1816 ἅπασαν
832 1744 1148 1838 ἀμφισβητουμένου

194 1845 385 1973 πράγματος
407 1852 573 1937 διαίρεσιν
598 1847 703 1939 ἀρχήν
722 1851 835 1918 τεκαὶ
854 1852 938 1939 μέσα
958 1851 1015 1919 καί
1037 1859 1147 1920 τελεο-

193 1948 255 2039 τὴν
273 1955 442 2037 έχονταέν
456 1954 572 2045 ἑαυτῷ.
606 1953 712 2042 ταύτῃ
725 1952 1021 2042 προςθεμένων
978 1981 1019 2043 τη
1036 1953 1178 2044 γνῶμρ
1177 1935 1178 2000 I

188 2047 358 2142 Ῥωμαίων
371 2080 407 2122 τε
420 2053 496 2124 ταδ’
489 2053 695 2142 Αλβανῶυ”
676 2083 694 2123 ο
708 2082 744 2123 τε
757 2055 918 2180 σύλλογος
937 2056 1085 2145 διελύθη
1098 2058 1148 2125 καί

193 2156 249 2225 ἐπὶ
261 2152 340 2233 τούς
354 2154 494 2237 ίδίονς’
475 2156 628 2247 ἀπῄεσαν
641 2156 791 2247 εκάτεροι
804 2158 958 2248 χάρακας.

142 2272 176 2326 20
269 2256 353 2326 XIII.
372 2255 509 2329 Ἔπειτα
531 2262 783 2341 ααλέσαντεςί
751 2288 798 2341 ες
818 2264 999 2349 έκκλησίαν
1016 2258 1078 2341 τὰς
1091 2241 1178 2329 δυ

193 2359 310 2447 νάμεις
330 2358 521 2450 ἀμφοτέρας
535 2366 570 2431 οί
588 2365 767 2451 στρατηγοὶ
781 2359 1004 2452 διεξηλθον”
982 2390 1005 2431 α
1025 2390 1065 2432 τε
1085 2368 1145 2431 διε

193 2464 363 2550 λέχθησαν
376 2461 472 2534 αὐτοὶ
485 2462 570 2553 πρός
583 2461 748 2553 ἀλληλους
760 2467 817 2535 καὶ
830 2462 889 2552 ἐφ’
902 2461 953 2544 οἷς
965 2466 1147 2535 συνέθεντο

192 2564 445 2636 καταλύσασθαι
465 2564 524 2636 τόν
538 2566 693 2655 πόλεμον.
728 2567 1012 2656 ἐπικυρωσάντων
1031 2567 1072 2638 δέ
1086 2571 1147 2636 τῶν

193 2669 452 2757 στρατευμάτων
478 2667 684 2759 ἀμφοτέρων
702 2669 787 2739 κατὰ
815 2668 943 2760 πολλὴν
970 2667 1179 2759 εύδόκησινιλ

142 2790 175 2842 25
192 2766 251 2849 τὰς
263 2774 332 2838 τῶν
346 2778 541 2860 στρατηγῶν
555 2768 747 2860 ὁμολογίας,
765 2769 944 2862 θαυμαστὴ
957 2772 1042 2861 μετὰ
1055 2779 1146 2842 τοῦτο

192 2886 324 2960 κατείχε
344 2880 515 2961 φιλοτιμία
535 2876 592 2943 καὶ
606 2872 769 2962 λοχαγούς
782 2877 840 2945 καλ
852 2874 1057 2965 στρατιώτας
1069 2883 1143 2945 πολ-

192 2979 263 3045 λῶν
280 2974 371 3045 πάνυ
394 2978 687 3067 προθυμουμένων
710 2980 948 3066 ἐξενέγκασθαι
962 2976 1003 3048 τὰ
1016 2983 1076 3069 τῆς
1087 2976 1143 3067 μα’·

190 3104 250 3165 χης
263 3074 413 3167 ἀριστεία
427 3080 483 3147 καλ
496 3076 538 3149 ού
551 3079 640 3173 λόγῳ
653 3080 912 3165 σπουδαζόντων
925 3081 1048 3170 μόνον,
1066 3077 1143 3150 ἀλλά

190 3179 247 3247 καλ
275 3189 362 3275 έργφ
381 3190 570 3270 φιλοτιμίας
593 3180 910 3271 ἀποδεικνυμένων,
947 3181 1035 3253 ῶστε
1054 3192 1141 3271 χαλε-

141 3298 175 3349 30
192 3305 259 3367 πην
279 3283 439 3368 γενέσθαι
461 3301 530 3364 τοῖς
550 3279 712 3372 ἡγεμόσιν
732 3282 847 3355 αὐτῶν
865 3313 927 3374 την
948 3290 1018 3356 τῶν
1036 3288 1139 3371 ἐπιτη

38 3388 41 3394 ’
194 3382 375 3453 δειοτάτων
388 3384 581 3510 διάγνωσιν.
618 3391 651 3453 εί
663 3386 728 3476 γάρ
740 3415 792 3468 τις
805 3416 847 3476 ην
865 3382 1095 3476 ηπατέρων’
1078 3412 1139 3456 επι-

193 3488 317 3575 φανεία
331 3483 513 3577 λαμπρὸς“
492 3516 513 3577 η
526 3485 678 3576 σῶματος
691 3488 786 3580 ῥύμη
800 3486 1020 3582 διαπρεπὴς
998 3519 1021 3581 η
1034 3487 1140 3580 uesta
