2367 3850
395 187 445 202 —
499 156 631 220 Γ-
931 159 995 224 229

27 316 127 406 βάνω
150 315 327 404 κράτιστον
346 317 503 390 εἶναικαὶ
522 319 629 409 μόνον
640 308 737 409 ήμιόν
757 317 798 391 τά
817 327 915 410 νείιιη
930 321 992 392 δό·

26 431 160 491 νασθιιι
175 426 345 510 διακρῖναι
357 422 500 512 τρόπον,
527 413 685 516 βπολλολ
700 422 871 513 βάρβαροί
879 451 916 494 τε
934 427 993 494 ιιαλ

16 519 182 612 Ἕλληνες
202 530 250 604 είς
277 531 360 613 ἔχθη
378 521 601 606 καταστάντες
624 531 660 596 οί
678 525 741 615 μὲν
758 522 847 615 ὑπὲρ
868 521 991 616 ήγεμο·

26 632 103 707 νίας
118 631 157 696 οδ
168 625 206 697 δὲ
218 623 304 716 ὑπὲρ
316 623 613 718 ἀμφισβητησίμου
625 633 687 717 γῆς
699 628 899 718 έχρήσαντο,
912 634 991 700 τοῦ-

27 756 86 798 τον
110 727 219 799 είπιδν
236 737 284 799 ἔτι
297 729 485 819 παύσομαι·
517 739 550 801 εί
561 736 790 820 ποιησαίμεθα
809 736 903 821 μέρει
923 733 1025 803 τινὶο

27 836 84 919 τῆς
106 835 241 902 ἑαυτόν
254 839 410 920 στρατιᾶς
431 831 580 930 ὁκότεροι
594 832 655 910 τὸν
672 830 789 922 ἀγῶνα
811 841 860 916 είς
879 833 990 924 όλιγο-
1111 829 1114 836 ’

27 933 109 1005 στόν
126 963 159 1004 τι
174 939 304 1024 πλῆθος
323 932 461 1026 ἀνδροῖν
475 935 727 1025 συναγαγόντες
738 935 802 1025 τήν
814 940 875 1007 τοῦ
889 939 989 1008 πολέ·

26 1064 93 1124 μου
116 1035 239 1127 τύχην·
271 1041 305 1121 ἐξ
320 1034 481 1128 ὁποτέρας
498 1036 532 1108 δ’
554 1034 599 1109 ἀν
610 1039 740 1119 πόλεως
751 1045 788 1110 οί
802 1040 990 1129 κρατήσαν-

27 1167 80 1221 τες
98 1144 172 1210 τοῖν
185 1137 378 1211 ἀντιπάλων
388 1144 571 1229 γένωνται,
593 1143 698 1230 ταότη
712 1141 990 1231 συγχωρήσαιμεν

28 1239 149 1330 ἄρχειν
161 1248 221 1332 τῆς
237 1245 359 1334 ἑτέρας.
392 1240 500 1314 ὁπόσα
513 1243 577 1333 γάρ
591 1242 638 1333 μή
657 1251 834 1334 διαιρεῖται
849 1241 917 1316 ὑπὸ
932 1243 987 1315 λό·
1007 1267 1040 1319 10

30 1373 113 1432 γου,
136 1350 241 1416 ταῦτα
253 1342 321 1416 ὑπό
334 1351 403 1418 τόν
414 1343 529 1418 όπλων
542 1355 701 1435 κρίνεται.

106 1447 180 1518 Xll.
226 1445 274 1518 Τά
294 1449 357 1538 μὲν
383 1448 424 1537 δή
446 1451 610 1538 λεχθέντα
635 1450 713 1539 περὶ
732 1454 792 1538 τῆς
810 1445 990 1538 ἡγεμονίας

30 1557 96 1620 τόν
120 1550 255 1622 πόλεων
278 1551 485 1640 δικαιώματα
504 1547 565 1622 ὁπ’
584 1550 784 1640 ἀμφοτέρων
798 1557 867 1622 τόν
886 1572 987 1642 στρα-

30 1659 144 1742 τηγῶν
166 1653 280 1724 τοιάδε
299 1645 359 1744 ἦν·
385 1657 479 1734 τέλος
498 1655 535 1726 δὲ
554 1671 625 1734 τοῖς
645 1655 757 1743 λόγοις
776 1651 891 1724 αὐτόν
909 1653 987 1743 ήκο·

32 1756 203 1845 λούθησεν
223 1752 296 1828 οἷον
316 1752 504 1845 ὁῬωμαίος
522 1754 712 1828 ὑπετίθετο.
749 1761 783 1827 οί
802 1755 868 1846 γάρ
885 1761 923 1826 έν
941 1763 988 1852 τῷ
1006 1774 1039 1825 15

12 1875 16 1925 ι
32 1858 186 1953 συλλόγῳ
199 1858 360 1949 παρόντες
369 1857 543 1950 Ἀλβανιόν
555 1887 591 1931 τε
604 1863 662 1931 καὶ
671 1857 841 1950 Ῥωμαίων
853 1877 990 1949 ταχείαν

33 1960 232 2051 ἀπαλλαγήν
241 1968 302 2033 τοῦ
313 1966 460 2051 πολέμου
473 1963 677 2053 ποιήσασθαι
687 1970 861 2053 ζητοῦντες
873 1963 990 2045 ὅπλοις

32 2063 65 2135 τὸ
86 2081 202 2145 νεῖκος
219 2073 372 2153 ἔγνωσαν
393 2072 527 2137 διελείν.
568 2069 847 2155 συγχωρηθέντος
871 2066 910 2136 δέ
932 2070 989 2137 καὶ

33 2167 154 2238 τούτου
168 2170 245 2255 περὶ
257 2173 318 2239 τοῦ
332 2168 485 2259 πλήθους
497 2173 566 2239 τῶν
579 2166 842 2258 ἀγωνιουμένων
859 2169 989 2257 ζήτησις

33 2274 161 2359 ἐγίνετο
182 2266 225 2339 οὐ
242 2268 305 2361 τήν
324 2268 431 2361 αὐτήν
451 2274 693 2360 έκατέρουτῶν
705 2275 900 2359 στρατηγόν
914 2271 986 2340 διά-
1005 2288 1040 2340 εο

33 2402 130 2445 νοιαν
150 2369 450 2464 ἀποδεικνυμένου.
485 2372 612 2454 Ῥόλλος
622 2375 685 2464 μὲν
698 2373 762 2463 γὰρ
780 2373 937 2461 ἐβούλετο
951 2376 990 2443 έν

34 2478 214 2565 ἐλαχίστοις
237 2476 365 2565 στόμασι
385 2479 546 2565 γενέσθαι
567 2476 630 2566 τήν
654 2482 716 2547 τοῦ
742 2478 890 2565 πολέμου
916 2482 989 2563 κρί·

34 2602 84 2649 σιν
109 2576 185 2659 ένὸς
202 2576 366 2667 Ἀλβανοῦ
391 2584 453 2649 τοῦ
476 2580 711 2666 λαμπροτάτου
730 2578 814 2666 πρὸς
839 2582 898 2648 ἕνα
911 2573 987 2648 Ῥω·

35 2698 134 2770 μαῖον
147 2678 209 2751 τὸν
226 2678 364 2771 ἀριστον
377 2680 666 2771 μονομαχήσοντος
679 2684 737 2750 καὶ
749 2681 927 2771 πρόθυμος
945 2672 990 2771 ἦν

35 2782 132 2865 αὐτὸς
153 2780 241 2873 ὑπὲρ
254 2788 313 2873 τῆς
331 2786 454 2855 ἑαυτοῦ
470 2790 630 2873 πατρίδος
648 2782 885 2871 ἀγωνίσασθαι
904 2809 988 2871 προ-
1005 2804 1039 2857 25

35 2886 238 2977 καλούμενος
260 2895 308 2969 είς
320 2886 382 2977 τήν
400 2883 521 2977 ὁμοίαν
534 2894 729 2976 φιλοτιμίαν
745 2886 805 2959 τόν
816 2885 990 2975 Ἀλβανὸν,

36 2988 154 3071 καλοὺς
172 2987 373 3078 ἀποφαίνων
392 3006 461 3071 τοῖς
473 2986 673 3080 ἀνειληφόσι
686 2989 746 3071 τάς
765 2995 835 3061 τάν
851 3010 988 3075 στρατο-

36 3096 147 3163 πέδων
172 3088 351 3181 ἡγεμονίας
376 3092 455 3174 τοὺς
480 3088 565 3180 ὑπὲρ
591 3090 693 3183 ἀρχῆς
712 3095 768 3163 κοιλ
790 3096 990 3171 δυναστείας

37 3191 183 3283 ἀγῶνας,
206 3193 247 3267 οά
267 3196 372 3285 μόνον
392 3194 452 3267 έάν
471 3194 656 3284 νικήσωσιν
677 3193 829 3283 ἀγαθοὺς
851 3192 989 3281 ἀνδρας,

37 3294 115 3369 ἀλλά
127 3294 196 3369 κάν
207 3296 303 3370 αὐτοὶ
312 3302 529 3389 κρατηθῶσιν
542 3295 602 3369 ὑπ’
618 3296 774 3385 ἀγαθόν,
789 3297 844 3366 καὶ
856 3295 990 3379 διεξιόν
1006 3314 1040 3369 ³0

37 3395 103 3472 ὅσοι
121 3404 300 3492 στρατηγοὶ
321 3403 377 3471 καὶ
392 3410 541 3491 βασιλεῖς
554 3399 612 3481 τάς
634 3403 764 3469 ἑαυτῶν
776 3396 885 3484 υοχάς
903 3423 987 3485 προ-

38 3509 251 3577 κινδυνεῦσαι
269 3510 337 3577 τοὶν
350 3510 475 3576 κοινῶν
489 3504 655 3593 παρέσχον
675 3496 790 3571 δεινόν
808 3496 989 3587 ήγοόμενοι
