2367 3850
105 153 245 251 ¹118
546 154 772 217 -ο-

186 311 243 403 ἐφ’
259 303 300 383 06
319 310 381 403 τὴν
401 316 574 405 ἐπίκλησιν
593 314 632 387 τὸ
646 322 746 398 ἔθνος
762 324 891 406 ἔλαβεν.
932 314 1136 407 Ἀβοριγίνων

188 420 225 488 δὲ
245 418 454 505 κατεχόντων
470 417 511 489 τὰ
524 428 630 508 χωρία
652 426 776 505 πρῶτοι
791 422 854 509 μὲν
867 417 982 502 αύτοίς
1001 410 1136 509 χίνονται

188 521 339 591 σύνοικοι
355 524 524 609 Πελασγοί
543 522 707 611 πλάνητες
726 528 762 594 ἐκ
780 529 839 613 τῆς
856 523 932 594 τότε
945 525 1010 614 μὲν
1027 534 1135 593 καλου-

190 628 291 715 μένης
317 629 497 712 Αἱμονίας,
527 630 591 696 νύν
621 627 658 695 δὲ
686 634 882 714 Θετταλίας,
915 630 953 697 ἐν
979 618 1003 718 ᾖ
1031 623 1161 718 χρόνονλ

155 739 171 791 5
189 756 264 799 τινα
285 723 434 822 ὤνησαν
459 727 540 815 μετά
565 728 603 798 δὲ
624 727 701 810 τούς
721 728 917 818 Πελασγούς
932 728 1105 855 Ἀρκμίδες
1110 733 1138 799 ἐκ
1158 731 1160 794 Ι

189 836 404 901 Παλλαντίου
430 830 557 913 πόλεως
581 828 775 915 ἐξελθόντες
801 830 1025 923 Εύανδρον’
1004 833 1161 936 ηγεμόνα

190 932 405 1023 ποιησάμενοι
431 939 488 1023 τῆς
519 933 672 1018 ἀποικίας
695 932 818 1025 Ἑρμοῦ
843 939 900 1007 καὶ
925 936 1062 1027 νύμφης
1087 939 1138 1005 Θί-

189 1043 284 1165 μιδος
303 1034 395 1123 υίδυ,
415 1044 449 1109 οἳ
466 1036 548 1128 πρδς
569 1041 621 1111 ἑνί
638 1043 707 1113 τάν
726 1037 808 1110 ἑπτά
827 1039 945 1128 λόφων
960 1049 1161 1126 πολίζονται

190 1138 224 1222 ός
246 1140 390 1233 ἐνμέσῳ
410 1140 551 1230 μάλιστα
571 1158 678 1213 κειται
698 1132 756 1233 τῆς
775 1139 917 1234 Ῥώμης,
937 1144 1161 1214 Παλλάντιον

140 1258 173 1309 10
191 1242 413 1333 ὀνομάσαντες
430 1242 468 1314 τδ
494 1254 619 1334 χωρίον
642 1248 696 1317 ίπί
713 1250 772 1336 τῆς
797 1250 836 1317 ἐν
851 1244 1012 1341 Ἀρκαδία
1035 1254 1139 1332 πατρί-

191 1355 257 1429 δος.
292 1344 423 1435 χρόνοις
443 1344 477 1417 δ’
494 1377 534 1419 ου
525 1346 686 1431 ’πολλοῖς
699 1345 858 1438 ὕστερον,
870 1345 1074 1439 Ἡρακλέους
1091 1377 1140 1418 κι-

190 1452 418 1539 ταχθέντοςί
386 1477 402 1519 ε
417 1478 433 1530 ς
404 1447 636 1540 Ἰταλίαν
616 1481 672 1523 οτε
685 1480 747 1541 την
758 1450 918 1542 στρατιάν
931 1451 985 1536 ἐξ’
982 1461 1140 1577 Ερυθείμς

190 1550 349 1636 οίκαδε’
331 1552 498 1643 απήχαγε,
525 1556 626 1645 μοῖρά
650 1583 700 1636 τις
727 1550 975 1661 ὑπολειφθεῖσα
1000 1563 1061 1647 τῆς
1086 1554 1141 1625 σύν

190 1655 280 1751 αύτφ
269 1654 487 1783 δυνάμεωςε
483 1656 653 1749 Ελληνικη
666 1666 810 1747 πλησίον
816 1654 973 1749 ἱδρύεται
987 1688 1050 1731 του
1036 1666 1140 1729 Παλ·

141 1768 173 1820 15
190 1768 345 1846 λαντίου,
373 1760 456 1847 πρὸς
471 1763 571 1855 ἑτίρφ
584 1791 654 1832 των
673 1765 969 1852 ἐμπεπολισμένων
992 1792 1033 1855 τη
1057 1763 1140 1833 πόλει

191 1864 322 1953 λόφων,
344 1858 380 1944 ὃς
402 1862 476 1934 τότε
500 1864 562 1954 μὲν
582 1861 649 1936 ὑπὸ
669 1870 738 1937 τῶν
752 1869 946 1957 Ιἐπιχωρίων
965 1868 1141 1954 Σατόρνιος

191 1971 338 2054 ἐλέγετο,
357 1971 423 2036 νύν
443 1967 481 2038 δδ
500 1977 734 2050 Καπιτωλῖνος
751 1967 819 2040 ύπδ
834 1967 1020 2058 Ῥωμαίων·
1031 1968 1140 2042 Ἰδπειοί

190 2075 223 2140 οί
247 2079 383 2151 πλείους
408 2070 538 2143 τούτων
563 2064 650 2162 ἦσαν
669 2076 707 2144 ἐκ
734 2073 863 2156 πόλεως
872 2071 1012 2156 Ἤλιδος
1032 2079 1163 2158 ἐξαυαλ

57 2209 64 2228 ·
190 2175 327 2254 στάντες
351 2177 666 2266 διαπεπορθημένης
688 2174 803 2258 αύτοίς
823 2182 882 2267 τῆς
907 2183 1071 2269 πατρίδος
1086 2171 1138 2261 ὑφ’
1161 2224 1162 2229 1

116 2289 174 2346 ,20
187 2275 396 2367 Ἡρακλέους.
503 2347 504 2352 ,

266 2380 303 2452 ll.
325 2383 433 2473 Γενεςῖ
450 2377 484 2451 δ’
499 2379 717 2471 ἑκκαιδεκάτῃ
735 2379 817 2470 μετὰ
835 2380 896 2452 τὸν
914 2381 1068 2471 Τρωικόν
1087 2378 1139 2450 πό-

191 2493 292 2573 λεμον
303 2481 458 2572 Ἀλβανοί
476 2493 723 2570 συνοικίζουσιν
741 2482 843 2575 ἄμφω
860 2483 903 2556 τά
921 2493 1026 2575 χωρία
1045 2489 1141 2555 ταῦτα

190 2593 291 2674 τείχει
317 2588 554 2676 περιλαβόντες
577 2590 634 2658 καὶ
652 2587 780 2682 τάφρφ.
820 2590 902 2669 τέως
924 2591 962 2659 δὲ
983 2581 1028 2679 ἦν
1048 2582 1140 2658 αύλιτ

191 2696 412 2778 βουφορβίων
429 2717 466 2760 τε
486 2693 543 2761 καί
563 2699 730 2787 ποιμνίων
745 2692 802 2761 καί
827 2697 897 2762 τοῖν
914 2689 1029 2762 ἄλλων
1046 2717 1140 2760 κατα·

141 2809 174 2861 25
192 2794 297 2879 χωχαί
312 2791 465 2882 βοτήρων
483 2788 641 2882 άφθονον
659 2791 884 2885 ἀναδιδούσης
902 2795 990 2865 πόαν
1011 2801 1071 2884 τῆς
1087 2789 1138 2863 ού·

190 2896 267 2966 τόθι
294 2900 354 2983 γῆς
381 2893 423 2964 ού
449 2896 553 2984 μόνον
573 2895 636 2985 την
658 2895 865 2987 χειμερινὴν,
894 2895 980 2970 άλλύι
1003 2900 1061 2969 καὶ
1087 2893 1139 2984 τὴν

189 2999 391 3088 θερεινόμον
412 2997 467 3068 διά
486 2997 564 3080 τούς
577 2997 811 3089 ἀναψύχοντάς
832 3003 944 3072 τεκαὶ
963 3001 1137 3092 κατάρδον·

189 3129 248 3184 τας
260 3099 368 3191 αὐτὴν
379 3100 556 3192 ποταμούς.
583 3105 680 3191 γένος
694 3101 965 3194 δὲτόἏλβανοίν
976 3093 1139 3194 μικτδνῆν

190 3213 228 3275 ἔκ
244 3233 281 3276 τε
292 3203 462 3295 Ἀρκάδων
476 3203 549 3276 ταδ’
548 3211 681 3277 Επειῶν
693 3234 762 3276 των
776 3210 809 3292 ἐξ
820 3206 959 3290 Ἤλιδος
976 3206 1137 3280 ἐλθόντων

140 3327 173 3379 3ο
190 3311 246 3378 καί
261 3316 463 3398 Πελασχων,
477 3317 681 3381 τελευταίων
693 3311 731 3380 δὲ
743 3338 813 3381 των
825 3339 908 3402 μετα
894 3308 1013 3383 Ἰλίον
1020 3308 1137 3382 ἅλωσιν

110 3473 115 3484 .
190 3401 472 3536 άφικομένωνίες
489 3411 633 3484 Ἰταλίαν
660 3412 803 3503 Τρύων,
829 3413 890 3497 οὓς
906 3406 990 3505 ἦγεν
1010 3420 1135 3489 Αίνεισί

191 3539 210 3582 ο
220 3511 371 3601 Αχχίσου
384 3519 440 3587 καί
454 3515 664 3607 ’.Αφροδίτης
705 3513 793 3598 είκδς
806 3522 848 3590 δέ
859 3545 891 3588 τι
907 3519 965 3589 καὶ
982 3525 1134 3608 βαρβαρι·
