2367 3850
400 161 635 224 -Γ-*
942 165 1005 225 245

37 351 96 404 νος
113 323 151 394 δέ
163 323 405 415 θανατηφόρου
417 330 558 413 κρίσεως
571 323 647 395 τότε
659 327 793 414 πρῦτον
806 319 1004 414 ἀῬωμαίων

44 433 151 516 δῆμος
165 427 288 516 κύριος
314 430 357 517 τῇ
375 427 492 516 γνωμῃ
513 432 574 496 τοῦ
596 425 721 515 πατρὸς
740 431 925 516 προσέθετο
945 431 1002 498 καί

41 527 188 602 ἀπολύει
201 534 262 600 τοῦ
273 529 382 619 φόνου
398 529 458 600 τόν
471 529 595 619 ἀνδρα·
622 527 664 598 οῦ
677 529 744 619 μὴν
756 529 777 600 ῦ
789 559 828 618 γε
842 531 1001 619 βασιλεὺς

37 632 196 722 ἀποχρῆν
214 641 308 721 ἔλεγε
321 647 390 712 τοῖς
402 635 620 721 βουλομένοις
642 631 683 700 τά
695 632 777 722 πρὸς
797 632 875 715 τούς
895 635 1000 716 θεοὺς

37 734 116 806 ὅσια
137 735 320 823 φυλάττειν
337 733 400 824 τὴν
417 733 483 805 ὑπὸ
503 733 699 826 ἀνθρώπων
717 747 1000 808 συντελεσθεῖσαν
1017 757 1034 806 ⁵

36 835 128 927 ὑπὲρ
142 833 248 908 αὐτοῦ
261 845 390 926 κρίσιν,
412 835 497 908 ἀλλά
511 838 808 928 μεταπεμψάμενος
821 838 898 921 τοῦς
912 845 999 929 ίερο-

17 942 172 1030 φύντας
192 943 368 1012 ἐκέλευσεν
387 941 602 1024 ἐξιλάσασθαι
622 939 726 1023 θεούς
746 971 783 1012 τε
805 945 862 1012 καί
882 933 999 1034 δαίμο-

35 1073 98 1125 νας
113 1045 172 1114 καὶ
186 1049 334 1134 καθᾶραι
355 1041 415 1116 τὸν
427 1041 536 1132 ἀνδρα
549 1042 600 1126 οἷς
611 1044 712 1133 νόμος
729 1044 808 1127 τοῦς
821 1043 1001 1128 ἀκουσίους

37 1145 168 1236 φόνους
179 1143 372 1235 ἁγνίζεσθαι
383 1159 576 1237 καθαρμοῖς.
598 1146 999 1238 κάκείνοιβωμοῦςίῦρυ-

37 1251 180 1339 σόμενοι
200 1250 263 1320 δύο
283 1249 343 1319 τὸν
363 1250 425 1340 μέν
443 1247 564 1338 Ἥρας,
592 1248 785 1340 ἣλέλογχεν
804 1255 999 1322 ἐπισκοπεῖν
1018 1273 1050 1324 10

7 1351 206 1441 θάῦελφάς,
241 1350 301 1450 τὸν
333 1350 365 1423 δ’
394 1355 510 1441 ἕτερον
538 1357 718 1443 ἐπιχωρίου
743 1360 830 1424 θεοῦ
861 1351 1000 1444 τινοςῆ

37 1463 200 1545 δαίμονος
216 1451 322 1525 Ἰανοῦ
334 1459 518 1545 λεγομένου
533 1455 619 1530 κατὰ
631 1455 694 1545 τὴν
704 1456 883 1546 ἐπιχώριον
894 1463 999 1546 γλωτ-

37 1574 120 1644 ταν,
140 1557 321 1647 ἐπωνύμου
335 1559 372 1629 δὲ
386 1565 563 1649 Κορατίων
575 1566 644 1628 τῦν
656 1557 908 1648 ἀναιρεθέντων
921 1558 998 1629 ἀνε-

36 1667 130 1746 ψιῶν
150 1658 217 1731 ῦπῦ
235 1668 295 1731 τοῦ
318 1659 458 1752 ἀνδρὸς,
484 1663 541 1731 καί
565 1669 688 1742 θυσίας
708 1659 801 1741 τινάς
815 1658 869 1731 ἐπ’
885 1660 999 1743 αὐτοῖς

37 1763 240 1853 ποιήσαντες
261 1781 330 1846 τοϊς
346 1792 382 1834 τε
403 1762 516 1845 ἀλλοις
536 1776 724 1854 καθαρμοῖς
740 1764 921 1854 ἐχρήσαντο
942 1767 998 1834 καὶ
1017 1789 1051 1842 15

38 1873 263 1949 τελευτῶντες
280 1865 456 1957 ὑπήγαγον
471 1866 529 1937 τὸν
537 1865 689 1957 Ὁρότιον
708 1863 774 1938 ῦπό
787 1867 897 1957 ζυγόν.
930 1875 1000 1939 ἐστι

39 1973 74 2041 δὲ
85 1970 262 2059 Ῥωμαίοις
274 1972 433 2061 νόμιμον,
454 1969 536 2041 ὅταν
552 1977 723 2059 πολεμίων
743 1970 1001 2060 παραδιδόντων

38 2074 77 2144 τά
110 2072 199 2143 ὅπλα
227 2076 391 2163 γένωνται
418 2073 546 2161 κύριοι,
577 2074 644 2144 Ιδύο
671 2074 891 2163 καταπήττειν
918 2074 1001 2158 ξύλα

37 2175 129 2269 όρθά
152 2178 209 2247 καὶ
232 2182 344 2265 τρίτον
368 2176 590 2266 ἐφαρμόττειν
614 2175 730 2257 αῦτοῑς
755 2173 893 2246 ἀνωθεν
915 2176 999 2247 κλά·

37 2310 132 2369 χιον,
160 2278 270 2351 ἔπειθ’
294 2276 438 2369 ῦπάγειν
461 2279 538 2361 τοῦς
561 2280 789 2369 αἰχμαλώτους
807 2276 874 2349 ῦπό
896 2284 1001 2350 ταῦτα
1018 2294 1052 2345 20

36 2387 92 2455 καὶ
117 2382 316 2463 διελθόντας
329 2380 491 2453 ἀπολύειν
511 2385 715 2471 ἐλευθέρους
727 2384 781 2453 ε’πί
796 2380 837 2452 τά
849 2384 1001 2470 σφέτερα.

37 2493 136 2557 τοῦτο
164 2494 312 2556 καλεῖται
340 2483 419 2572 παρ’
449 2483 562 2565 αῦτολς
590 2484 707 2574 ζυγὸν,
735 2475 761 2579 ᾦ
789 2488 846 2556 καί
873 2490 912 2554 οί.
926 2484 1002 2554 τότε

38 2580 262 2679 καθαίροντες
289 2586 349 2659 τόν
374 2586 482 2678 ἀνδρα
508 2596 689 2681 τελευταίῳ
719 2591 788 2657 τόν
815 2589 893 2677 περὶ
923 2585 1003 2668 τοῦς

38 2690 238 2782 καθαρμούς
260 2696 413 2781 νομίμων
426 2690 616 2781 ἐχρήσαντο.
648 2696 684 2761 ἐν
702 2681 729 2783 ᾧ
750 2692 788 2761 δέ
805 2696 863 2780 της
875 2689 1002 2773 πόλεως

38 2802 153 2889 χωρίφ
179 2794 239 2865 τόν
263 2791 428 2884 ἀγνισμόν
458 2792 656 2883 ἐποιήσαντο
673 2790 819 2875 ἅπαντες
841 2790 1001 2883 Ῥωμαῖοι
1018 2813 1051 2864 25

38 2908 232 2987 νομίζουσιν
246 2894 353 2987 ίερόν·
377 2906 445 2968 ἐστι
460 2895 493 2969 δ’
511 2901 548 2967 ἐν
562 2900 611 2989 τῷ
622 2902 784 2991 στενωπῷ
797 2904 844 2991 τῷ
864 2900 1003 2986 φέροντι

7 3024 24 3077 ’0
39 3000 106 3073 ἀπὸ
120 3007 272 3090 Καρίνης
292 3000 380 3071 κάτω
400 3014 469 3081 τοίς
489 3002 543 3071 ἐπὶ
560 2998 620 3071 τὸν
639 2999 795 3089 Κύπριον
815 3002 1003 3086 ἐρχομένοις

38 3103 234 3193 στενωπόν,
257 3110 342 3174 ἔνθα
362 3108 398 3173 οἵ
413 3131 450 3173 τε
463 3104 570 3192 βωμοὶ
589 3104 751 3191 μένουσιν
767 3106 802 3171 οί
819 3101 891 3169 τότε
905 3106 1001 3187 wov-

38 3212 161 3287 θέντες
175 3209 231 3276 καί
245 3205 345 3291 ξύλον
357 3202 444 3295 ῦπέρ
459 3203 571 3277 αῦτοῦν
584 3206 716 3275 τέταται
730 3205 806 3273 δυσί
818 3218 895 3282 τοῖς
910 3200 1002 3272 ἀντι-

38 3308 107 3401 κρύ
128 3308 283 3399 ἀλλήλων
303 3316 425 3398 τοίχοίς
447 3309 712 3398 ἐνηρμοσμένον,
738 3302 758 3375 ὃ
779 3311 908 3393 γίνεται
934 3320 1004 3385 τοῖς
1021 3323 1055 3377 30

40 3418 189 3497 ἐξιοῦσιν
200 3409 286 3504 ὑπὲρ
299 3417 447 3502 κεφαλῆς
466 3411 677 3500 καλούμενον
688 3413 730 3497 τῇ
744 3403 917 3495 Ῥωμαϊκῇ
931 3413 1004 3476 δια·

39 3521 148 3610 λέκτρα
168 3516 269 3601 ξύλον
290 3513 448 3605 ἀδελφῆς.
489 3518 586 3585 τοῦτο
607 3510 671 3600 μὲν
695 3507 737 3598 δὴ
750 3506 787 3577 τῦ
806 3516 930 3599 χωρίον
948 3512 1006 3598 τῆς
