2367 3850
410 118 636 180 -B-

29 282 102 373 λῆν
117 280 245 372 πολλὴν
263 278 401 370 ἄγοντες
421 278 540 371 άργίας
559 310 596 354 τε
615 285 671 354 καὶ
688 290 845 373 βλακείας
864 281 928 353 σύν
947 289 1004 352 αίι

29 387 147 477 σχύνη
161 395 308 466 τίνοντες
324 391 420 466 δίκας
436 385 617 476 αύτουργολ
637 387 758 468 πάντες
779 390 929 474 ἐγίνοντο
945 387 1001 456 καὶ

27 490 94 561 τὸν
109 495 148 561 ἐκ
163 495 223 581 γῆς
236 495 382 559 πλούτου
395 484 555 560 ἁπάντων
568 488 649 562 ὅντα
662 490 818 561 πλούτων
832 487 999 561 δικαιότα·

27 623 94 664 τον
108 599 171 684 τῆς
183 597 421 683 στρατιωτικῆς
432 595 488 663 καί
501 591 563 665 ούκ
578 594 716 684 ἐχούσης
730 592 767 664 τδ
780 595 918 682 βέβαιον
941 589 997 662 εύ-

29 705 158 787 πορίας
179 697 385 786 γλυκύτερον
397 699 558 767 ἐτίθεντο.
582 701 632 790 τῷ
653 697 691 768 δέ
712 697 812 788 Νόμα
828 701 949 786 περιῆν
963 701 1034 767 ἐκσ

28 801 169 872 τούτων
187 810 360 888 φιλεῖσθαι
388 799 450 888 μὲν
469 796 536 870 ὑπὸ
557 805 627 884 τῶγ
646 797 857 890 άρχομένων,
885 805 999 889 ζηλού-

9 924 13 967 ²
30 916 123 975 σθαι
143 901 177 976 δ’
192 899 258 973 ὑπὸ
279 909 349 974 τάν
366 909 563 990 περιοίκων,
584 904 856 993 μνημονεύεσθαι
881 901 914 974 δ’
934 899 1002 973 ύπὸ
1118 977 1120 983 ⁸

29 1015 107 1079 τῶν
127 1009 388 1096 ἐπιγινομένων·
417 1005 463 1075 δι’
480 997 528 1076 οἷν
541 1003 619 1076 ούτε
635 1007 747 1088 στάσις
761 1006 922 1097 ἐμφύλιος
941 1006 1003 1099 τῆν
1111 1089 1118 1102 .

31 1109 215 1200 πολιτικὴν
230 1117 350 1186 ἔλυσεν
368 1104 542 1200 ὁμόνοιαν,
557 1108 636 1181 ούτε
655 1111 797 1200 πόλεμος
816 1109 1003 1200 ἀλλοεθνὴς

33 1220 72 1286 ἐκ
110 1222 178 1284 τῶν
204 1221 391 1303 κρατίστων
416 1216 473 1284 καὶ
498 1213 789 1305 θαυμασιωτάτων
815 1214 877 1304 τῆν
903 1214 1002 1285 πόλιν
1020 1232 1053 1283 10

34 1317 314 1408 ἐπιτηδευμάτων
339 1320 481 1407 ἐκίνησε.
528 1323 689 1389 τοσούτου
714 1315 779 1408 γάρ
801 1314 946 1406 άπέσχον
971 1321 1007 1387 οί

35 1429 206 1510 περίοικοι
235 1419 297 1510 τῆν
328 1417 497 1510 άπύλεμον
525 1417 668 1510 ἡσυχίαν
697 1415 866 1511 Ῥωμαίων
896 1419 1001 1510 &09-

36 1525 109 1617 μῆν
135 1531 194 1614 τῆς
227 1521 300 1593 κατ’
329 1521 442 1594 αὐτῶν
469 1528 653 1606 ἐπιθέσεως
681 1522 882 1614 ὑπολαβεῖν,
918 1522 1003 1595 ὥστε

37 1631 96 1700 καλ
123 1639 159 1698 εί
178 1656 228 1724 τις
254 1623 366 1709 αύτοίς
397 1626 478 1717 πρὸς
499 1624 662 1719 άλλῆλονς
692 1631 835 1717 συνέστη
862 1627 1003 1717 πόλεμος

39 1735 285 1820 διαλλακτῆρας
305 1734 481 1802 ἐποιοῦντο
495 1727 674 1821 Ῥωμαίους
694 1733 751 1804 καὶ
777 1733 1003 1824 ἐπλδιαιτητῆ
1020 1751 1052 1802 15

39 1836 143 1929 Νόμᾳ
164 1833 223 1916 τάς
249 1841 371 1922 ἔχθρας
393 1833 546 1904 διαλύειν
568 1833 694 1926 ῆξιόυν.
732 1841 851 1905 τοῦτον
878 1831 940 1905 ούκ
960 1831 1003 1905 άν

41 1946 262 2027 αἰσχυνθείην
279 1936 416 2027 ἐγώτὸν
435 1936 544 2027 ἄνδρα
560 1944 630 2009 ταῖν
650 1938 703 2010 ἐπ’
716 1937 913 2032 εὐδαιμονία
928 1947 1002 2011 δια·

41 2044 239 2134 βοηθὲντων
259 2045 297 2112 ἐν
317 2058 387 2124 τοϊς
401 2042 546 2129 πράτοις
566 2054 799 2133 καταριθμεῖν.
836 2046 954 2130 γένους
967 2071 1003 2111 τε

42 2145 107 2234 γάρ
127 2153 194 2234 ἔφυ
213 2151 386 2234 βασιλείου
405 2147 462 2215 καὶ
490 2150 623 2235 μορφῆς
643 2142 809 2216 άπέλαυσε
830 2151 1003 2233 βασιλικῆς

43 2254 244 2319 παιδείαντε
257 2246 299 2317 ού
313 2248 374 2337 τῆν
383 2250 460 2338 περλ
475 2244 757 2337 λύγωνάχρηστον
771 2246 926 2339 ἤσκησεν,
941 2244 1010 2317 ἀλλ’
1021 2271 1055 2321 20

44 2355 78 2435 ἐξ
94 2343 134 2441 ῆς
147 2349 301 2439 εύσεβείν
316 2358 422 2441 ἐμαθε
436 2354 492 2421 καὶ
505 2350 563 2433 τάς
582 2349 684 2433 άλλας
697 2350 907 2441 ἐπιτηδεύειν
925 2348 1002 2441 άρε-

44 2454 112 2536 τάς.
141 2450 334 2545 ῆγεμονίαν
357 2455 395 2523 δέ
412 2452 479 2547 τῆν.
489 2451 660 2545 Ῥωμαίων
677 2464 886 2544 παραλαβεῖν
905 2453 1003 2544 ῆξιά-

9 2575 31 2630 B
47 2570 92 2649 θη
106 2559 180 2640 νέος
202 2554 250 2628 ὧν
269 2555 353 2628 κατά
371 2560 465 2640 κλέος
483 2555 603 2649 ἀρετῆς
622 2556 682 2629 ὑπ’
698 2556 812 2629 αύτιόν
831 2562 1005 2647 ἐπίκλητος

47 2660 161 2751 ιἰχθελς
186 2664 243 2732 καλ
270 2665 434 2733 διετέλεσε
462 2664 678 2752 πειθομένοις
700 2660 832 2732 ἅπαντα
855 2658 915 2732 τὸν
928 2668 1005 2750 βίον

48 2783 114 2847 τοῖς
140 2762 335 2856 άρχομέυοις
356 2765 543 2855 χρώμενος·
565 2762 699 2855 ἡλικίας
719 2762 755 2835 δ’
769 2767 825 2836 ἐπὶ
843 2765 1004 2854 μήκιστον
1022 2778 1055 2827 25

48 2867 174 2959 ῆλασεν
201 2866 382 2958 ὁλόκληρος
408 2867 511 2940 ούδλν
536 2865 605 2939 ύπὸ
630 2874 687 2959 τῆς
713 2869 814 2958 τύχης
833 2870 1005 2949 κακωθεὶς

49 2974 104 3043 καί
136 2972 301 3043 θανάτων
325 2972 384 3043 τὸν
410 2977 533 3066 ῥᾷστον
562 2972 778 3063 ἐτελεύτησεν
802 2968 868 3041 ύπδ
896 2971 1007 3060 γῆρως

51 3079 252 3165 μαρανθεὶς,
279 3072 396 3166 ὁμοίου
418 3084 696 3166 παραμείναντος
712 3073 817 3171 αύτῷ
841 3079 902 3145 τοῦ
922 3095 1003 3163 συγ-

51 3182 280 3269 κληρωθέντος
305 3183 339 3265 ἐξ
362 3178 464 3270 άρχῆς
481 3186 643 3269 δαίμονος
669 3185 731 3261 ἕως
753 3181 786 3261 ἐξ
813 3174 1006 3265 άνθράπων

52 3279 239 3373 ἠφανίσθη,
260 3283 385 3373 βιύσας
403 3284 466 3374 μὲν
482 3281 568 3375 ὑπὲρ
594 3281 799 3373 ὀγδοήκοντα
814 3287 888 3371 ἐτη,
909 3283 1005 3370 βάσι-
1024 3302 1058 3355 30

54 3386 172 3470 λεύσας
192 3387 229 3457 δὲ
242 3394 318 3476 τριά
331 3389 388 3457 καλ
407 3387 666 3477 τετταράκοντα,
681 3382 804 3474 γενεάν
817 3385 854 3455 δὲ
870 3393 1005 3453 καταλι-
1024 3393 1036 3409 “

55 3488 139 3580 πάν,
160 3486 206 3575 ὦς
224 3492 286 3582 μὲν
305 3496 341 3562 οί
356 3496 492 3573 πλείους
503 3490 712 3582 γράφουσιν,
735 3484 830 3569 υίούς
850 3489 1006 3579 τέτταρας
