2367 3850
176 151 241 212 214
537 151 768 214 -F-

178 309 323 402 εὐτρεπῆ
342 310 633 403 συνῆεσανρὸμόσε
653 315 709 384 καὶ
730 312 1141 404 καταστρατοπεδεύονται

176 415 421 504 τετταράκοντα
433 421 491 506 τῆς
500 411 622 506 Ῥάμης
634 423 790 500 σταδίους
800 414 1020 503 άποσχόντες·
1036 424 1073 488 οί
1081 418 1141 506 μὲν

174 516 332 608 ’λλβανοὶ
360 521 437 608 περὶ
456 516 531 600 ’τάς
564 521 773 608 καλουμένας
801 527 962 600 Κλοιλίας
992 519 1141 608 τάφρους

177 619 399 709 (φυλάττουσι
412 619 477 711 γάρ
490 628 539 692 ἔτι
553 621 615 711 τῆν
629 628 690 692 τοῦ
704 613 1018 704 κατασκευάσαντος
1038 621 1141 703 αύτάς

143 740 160 790 5
179 716 368 814 ἐπίκλησιν)
392 718 546 813 Ῥωμαῖοι
566 726 605 796 δὲ
625 723 741 812 ὀλίγον
760 728 924 813 ἐνδοτέρω
946 724 1007 796 τόν
1028 730 1140 814 έπιτη-
1179 771 1181 862 ῆ

178 825 351 898 δειότατον
365 833 412 909 είς
427 834 689 916 στρατοπεδείαν
702 828 805 900 τόπον
819 827 1042 918 ἐκλεξάμενοι.
1072 831 1141 898 ἐπεὶ
1180 867 1181 878 ι

179 930 215 999 δὲ
235 934 394 1000 συνεῖδον
413 927 569 1020 άλλῆλων
589 929 772 1022 άμφότεροι
794 931 854 1012 τάς
881 931 1041 1021 δυνάμεις
1065 930 1142 1002 ούτε

177 1031 304 1121 πλῆθει
318 1035 515 1123 λειπομένας
528 1032 607 1104 οὔτε
621 1031 795 1125 ὁπλισμοῖς
811 1031 957 1115 εὐτελεῖς
972 1032 1051 1104 ούτε
1072 1052 1142 1115 ταῖς

176 1133 294 1216 άλλαις
326 1153 555 1224 παρασκευαῖς
587 1134 690 1218 οὔσας
717 1135 1052 1227 εὐκαταφρονήτους,
1087 1145 1142 1227 τῆς

128 1255 160 1304 10
177 1239 239 1327 μὲν
252 1244 384 1325 ταχείας
396 1241 452 1308 ἐπὶ
461 1237 521 1310 τόν
531 1237 647 1327 άγῶνα
662 1237 764 1331 ὁρμῆς
771 1283 784 1328 ,-
795 1237 838 1331 ῆν
851 1237 924 1310 κατ’
935 1237 1039 1330 άρχὰς
1052 1240 1142 1328 εἶχον

79 1347 89 1362 ’
178 1337 222 1421 ὥς
236 1337 322 1430 αύτῆ
342 1340 454 1435 ἐφόδῳ
469 1342 668 1432 τρεψόμενοι
683 1342 760 1425 τούς
779 1349 975 1432 πολεμίους,
996 1339 1167 1433 ἀπέστη-4

178 1463 257 1513 σαν·
288 1451 441 1534 φυλακῆς
468 1447 653 1536 δὲμᾶλλον
680 1441 702 1536 ῆ
729 1447 1031 1536 προεπιχειρήσεως
1059 1446 1139 1535 πρό·
1181 1525 1182 1550 ρ

176 1574 275 1616 νοιαν
295 1546 485 1637 ἐλάμβανον
502 1545 730 1640 ὑψηλοτέρους
746 1552 932 1638 έγείροντες
947 1548 1025 1630 τούς
1038 1549 1140 1637 χάρα-
1181 1553 1182 1634 λ

176 1676 254 1738 κας,
275 1647 380 1739 εἰσῄει
394 1678 431 1721 τε
454 1646 568 1722 αὐτῶν
588 1667 658 1732 τοῖς
675 1646 902 1741 χαριεστάτοις
919 1651 1080 1742 λογισμός
1100 1650 1142 1733 ὡς

4 1772 5 1849 ξ
127 1772 159 1824 15
177 1749 217 1823 ού
232 1750 273 1820 τά
291 1752 449 1842 κράτιστα
468 1756 743 1844 βουλευομένοις,
767 1757 823 1825 καὶ
844 1755 1053 1844 κατάμεμψις
1075 1761 1141 1824 τῶν

4 1854 5 1865 ’
178 1857 216 1925 έν
230 1856 326 1922 τέλει.
361 1857 542 1944 ἑλκομένου
557 1858 593 1928 δὲ
608 1863 668 1928 τού
688 1857 811 1951 χρόνον
827 1857 884 1929 διά
904 1864 1003 1948 κενῆς
1024 1854 1140 1941 (οὐδέν

157 1956 240 2045 ,γάρ
261 1952 279 2025 ό
298 1983 330 2026 τι
349 1960 405 2029 καί
425 1958 527 2048 λόγου
548 1958 643 2045 άξιον
668 1954 711 2052 ῆν
737 1968 963 2053 καταδρομαῖς
981 1966 1095 2045 ψιλῶν
1119 1958 1139 2049 ῆ

173 2069 383 2149 συμπλοκαῖς
397 2066 528 2133 ίππέων
541 2071 709 2152 ἔβλαπτον
728 2061 907 2154 άλλῆλους)
926 2061 943 2134 ό
960 2070 1022 2135 τού
1039 2068 1136 2134 πολέ-

173 2190 241 2251 μου
258 2162 354 2246 δόξας
371 2175 476 2247 αίτιος
496 2171 671 2255 γεγονέναι
693 2176 849 2247 Κλοίλιος
875 2166 1065 2257 ἀχθόμενος
1087 2170 1138 2236 ἐπὶ

123 2288 156 2339 20
174 2271 214 2356 τῆ
228 2263 386 2361 άπράκτφ
400 2272 551 2361 καθέδρᾳ
562 2270 700 2360 γνώμην
714 2277 812 2361 έσχεν
821 2268 951 2358 ἐξάγειν
961 2269 1024 2357 τῆν
1038 2292 1137 2358 στρα-

172 2368 249 2439 τιάν
261 2371 318 2439 καὶ
332 2381 576 2460 προκαλεῖσθαι
589 2371 667 2453 τούς
681 2380 861 2464 πολεμίους
875 2379 922 2454 είς
936 2372 1062 2461 μάχην,
1079 2371 1138 2441 ε’άν

174 2472 212 2541 δέ
224 2469 270 2560 μῆ
287 2469 507 2545 ὑπακούσωσι
529 2475 756 2563 προσβάλλειν
777 2474 890 2546 αὐτῶν
903 2474 986 2565 πρὸς
999 2472 1040 2545 τά
1058 2474 1136 2564 έρύ-
1182 2520 1183 2527 1

171 2600 268 2660 ματα.
300 2576 639 2665 παρασκευασάμενος
662 2578 700 2647 δέ
713 2577 753 2649 τά
770 2577 852 2667 πρὸς
865 2578 923 2650 τὸν
941 2576 1058 2667 άγῶνα
1083 2580 1138 2649 καὶ

173 2679 205 2743 εί
230 2675 343 2765 δεήσει
370 2686 595 2770 τειχομαχίας,
631 2677 692 2749 ὅσα
718 2686 766 2773 τῷ
791 2682 930 2775 τοιούτῳ
959 2682 1137 2770 πρόσφορα

121 2794 154 2844 25
172 2782 260 2868 ἔργῳ
274 2782 562 2872 μηχανησάμενος,
583 2784 656 2853 ἐπεὶ
676 2780 737 2867 νύξ
753 2786 883 2871 ἐγένετο
897 2784 1082 2854 καθεύδων
1100 2786 1136 2852 ἐν

170 2884 214 2971 τῆ
232 2891 433 2974 στρατηγικῇ
455 2891 561 2974 σκηνῇ
581 2885 752 2975 παρούσης
780 2882 871 2979 αύτῷ
892 2891 948 2976 τῆς
971 2893 1133 2965 εἰωθυίας
1148 2902 1183 2954 41ί

170 2991 325 3075 φυλακῆς
349 2988 425 3078 περὶ
442 2985 501 3057 τόν
526 2985 655 3076 ὄρθρον
683 2984 871 3079 εὑρίσκεται
896 2986 1032 3076 νεκρός,
1054 2984 1132 3058 ούτε

170 3093 301 3177 σφαγῆς
330 3086 410 3161 ούτε
435 3088 577 3179 άγχόνης
603 3088 681 3161 ούτε
711 3091 898 3181 φαρμάκων
924 3089 1002 3161 οὔτε
1030 3088 1133 3179 άλλης

95 3240 105 3249 .
169 3195 283 3271 βιαίου
309 3200 485 3284 συμφοράς
519 3210 658 3284 σημείου
677 3190 739 3264 έπὶ
764 3199 824 3265 τού
851 3193 1001 3283 στόματος
1028 3190 1131 3265 οὐδὲν

118 3293 264 3376 δυέχων.

261 3392 305 3461 V.
342 3394 542 3487 Παραδόξου
573 3397 611 3467 δὲ
638 3402 704 3467 ’τοῦ
735 3396 867 3479 πάθους
898 3392 1010 3486 ὥσπερ
1043 3396 1128 3475 εἰκός

168 3486 271 3561 άπασι
292 3500 498 3586 φαινομένου
518 3499 575 3568 καλ
595 3501 793 3591 ζητουμένης
816 3506 873 3591 τῆς
898 3506 1004 3581 αίτίας
1031 3498 1125 3583 (οὐδὲ
