2367 3850
419 128 646 191 -B-
957 135 1017 198 179

13 299 25 350 Ι
46 286 227 381 εὐτρεπής.
254 291 326 361 ἐπεὶ
340 287 373 360 δ’
392 293 508 379 έτοιμα
519 289 562 360 τά
577 288 662 378 πρός
674 288 734 361 τόν
746 286 863 380 άγόνα
874 283 933 382 ἦν,
950 289 1014 383 άμ-

41 393 187 484 φότεροι
204 393 427 482 προελθόντες
442 399 491 474 είς
508 392 547 464 τό
560 399 680 464 πεδίον
695 392 857 482 ἐμάχοντο
873 397 930 465 καί
945 397 1013 467 διέ-

40 524 171 584 μειναν
184 494 261 585 άχρι
271 501 395 586 πολλῆς
407 494 497 587 ι’όρας
510 497 668 586 ἐκθύμως
682 494 934 587 ἀγωνιζόμενοι,
950 501 1013 581 ἕως

39 595 62 688 ἡ
81 601 154 683 νύξ
177 603 384 688 ἐπιλαβοῦσα
404 601 574 689 διέκρινεν
592 597 717 681 αὐτοὺς
737 611 831 682 ίσους
850 599 934 672 κατά
952 599 1012 672 τόν

39 699 165 788 ἀγῶνα
178 704 389 791 γενομένους.
420 704 477 772 καὶ
489 702 615 792 ταύτην
629 703 691 792 μὲν
706 700 769 794 τὴν
781 702 892 794 μάχην
905 700 1011 786 οὕτως
1027 721 1045 774 5

38 802 272 893 ἠγωνίσαντο·

114 906 193 976 LV.
216 908 330 995 έτέρας
352 906 456 978 δί’
409 935 514 996 μοιχης
540 904 616 993 μετ’
639 904 680 977 οδ
701 905 789 978 πολδ
818 911 1010 999 γενομένης,

39 1011 172 1080 ένίκων
183 1005 235 1078 οῖ’
238 1017 388 1134 Ρωμαῖοι
400 1016 504 1135 σοφίᾳ
518 1014 579 1078 τοῦ
592 1006 755 1132 ἡγεμόνος
770 1007 847 1098 όρος
860 1038 892 1080 τι
906 1038 1010 1082 κατα-

39 1113 236 1201 λαβομένου
260 1112 395 1202 νύκτωρ
414 1109 456 1183 οά
476 1109 586 1182 πολδν
605 1140 666 1182 του
652 1116 916 1203 στρατοπέδου
941 1143 1010 1184 των

40 1220 216 1304 πολεμίων
235 1214 338 1286 τόπον
358 1212 482 1302 ἀπέχον
498 1216 556 1285 καὶ
575 1222 769 1304 λοχίσαντος
789 1219 827 1285 έν
839 1213 1010 1309 αὐτῷτὴν
1028 1239 1061 1290 10

40 1315 274 1407 ἀκμαιοτάτην
286 1323 355 1388 τεόν
366 1314 509 1405 ὕστερον
522 1315 739 1408 ἀφικομένων
757 1322 794 1389 έκ
809 1324 867 1406 τῆς
882 1319 1010 1402 πόλεως
1047 1375 1049 1380 -

41 1423 177 1490 ίππέων
198 1423 310 1492 τεκαὶ
330 1426 439 1503 πεζῶν
460 1421 615 1509 δύναμιν.
650 1421 889 1492 συνελθόντων
909 1420 942 1492 δ’
963 1431 1010 1506 είς
1034 1501 1040 1510 ,

40 1522 78 1592 τδ
98 1529 222 1593 πεδίον
238 1520 438 1613 ἀμφοτέρων
458 1526 514 1596 καὶ
543 1520 603 1592 τδν
624 1521 728 1594 αὐτὸν
754 1520 1009 1614 ἀγωνιζομένων

41 1626 190 1714 τρόπον,
212 1624 328 1715 ἐπειδὴ
347 1625 385 1696 τὸ
405 1625 563 1715 σύνθημα
582 1623 783 1716 δῬωμάλος
798 1618 858 1716 ἦρε
872 1643 940 1708 τοῖς
954 1631 1009 1700 ἐπὶ

41 1734 102 1798 τοῦ
122 1726 243 1817 ὅρους,
262 1727 484 1812 ἀλαλάξαντες
502 1735 538 1800 ολ
552 1736 716 1819 λοχῶντες
738 1737 840 1801 έθεον
854 1732 909 1802 ἐπὶ
930 1731 1007 1814 τούς
1026 1746 1058 1798 15

44 1829 275 1912 Οὐιεντανοὺς
296 1835 333 1902 ἐκ
352 1839 421 1903 τῶν
442 1832 584 1902 κατόπιν
604 1836 660 1904 καὶ
684 1834 928 1924 προσπεσόντες
947 1833 1006 1906 ἀν-

42 1936 196 2024 θρώποις
215 1936 464 2026 μεμοχθηκόσιν
490 1933 586 2007 αὐτοὶ
605 1934 749 2027 ἀκμῆτες
771 1934 866 2019 ὄντες
887 1936 928 2009 οὐ
943 1938 1008 2011 σδν

43 2034 160 2132 πολλῷ
185 2043 343 2128 τρέπουσι
369 2039 488 2131 χρόνῳ.
530 2046 604 2109 τῶν
638 2038 672 2111 δ’
700 2038 807 2129 ὀλίγοι
833 2046 895 2130 μέν
919 2068 1008 2122 τινες

43 2140 300 2232 ἀποθνήσκουσι
320 2141 403 2213 κατὰ
422 2140 484 2232 τὴν
497 2141 622 2232 μάχην,
637 2148 672 2213 οί
683 2144 720 2215 δὲ
735 2152 871 2224 πλείους
886 2150 933 2225 είς
948 2141 1008 2215 τὸν

13 2262 29 2310 ι
48 2247 190 2333 Τέβεριν
203 2244 353 2334 ποταμόν
368 2248 439 2335 (ρεί
450 2246 489 2315 δὲ
508 2243 599 2333 παρά
612 2244 674 2335 τὴν
689 2244 856 2335 Φιδήνην)
883 2250 1006 2336 ῥίψαν·
1025 2262 1058 2313 20

43 2376 95 2429 τες
118 2346 275 2436 έαυτοδς,
295 2344 340 2429 ὥς
359 2348 593 2438 διανηξόμενοι
610 2347 647 2417 τδ
670 2354 796 2437 ῥεῦμα,
819 2347 1007 2439 διεφθάρη-

43 2472 117 2521 σαν.
158 2460 360 2540 τραυματίαι
376 2450 443 2540 γάρ
465 2450 561 2533 ὄντες
585 2454 643 2521 καὶ
665 2460 781 2540 βαρεῖς
806 2448 873 2523 ὑπὸ
898 2449 1007 2522 κόπου

43 2552 206 2623 ἀδύνατοι
229 2556 384 2641 ἐγένοντο
404 2555 645 2643 διανήξασθαι·
669 2558 704 2624 ολ
724 2555 763 2625 δὲ
787 2558 843 2626 καλ
870 2551 1006 2649 ἀπειρίᾳ

43 2664 103 2726 τοῦ
115 2671 208 2741 νεῖν,
223 2654 266 2725 οὐ
279 2656 492 2744 προιδόντες,
505 2654 573 2727 όπδ
584 2663 647 2728 τοῦ
661 2663 776 2729 δεινοῦ
790 2656 852 2747 τὴν
866 2657 1006 2748 γνάμην

44 2762 325 2849 ἐπιταραχθέντες
351 2764 389 2829 ἐν
412 2776 485 2840 ταῖς
508 2766 618 2841 δίναις
640 2757 848 2831 ἀπώλλυντο.
894 2768 925 2832 εί
943 2761 1006 2850 μὲν
1023 2780 1057 2831 25

37 2854 107 2932 ὀὖν
126 2866 345 2950 συνέγνωσαν
358 2865 487 2943 ἑαυτοῖς
501 2861 701 2935 Οὐιεντανοὶ
713 2890 824 2945 κακως
835 2862 876 2933 τά
889 2890 1006 2953 πρωτα

45 2968 324 3069 βεβουλευμένοις
337 2964 447 3035 καλ
412 2993 451 3035 το
470 2964 589 3035 λοιπόν
601 2994 687 3055 ηγον
705 2963 847 3056 ἡσυχίαν
864 2963 1006 3045 ου’δενδς

45 3064 86 3138 ἀν
98 3075 149 3137 έτι
168 3076 317 3157 μείζονος
335 3065 528 3139 ἀπέλαυσαν
541 3074 666 3157 κακοῦ,
690 3075 756 3140 νῦν
770 3069 806 3139 δέ
828 3066 1005 3154 ἀναμαχεῖ-

46 3179 130 3241 σθαί
139 3198 176 3240 τε
189 3169 231 3240 τά
243 3170 389 3262 πρότερα
401 3171 578 3268 σφάλματα
590 3174 787 3253 ἐλπίσαντες
806 3171 862 3239 καὶ
883 3174 913 3239 εί
931 3174 1004 3256 μεί-

46 3282 113 3357 ζονι
145 3279 344 3363 παρασκευῇ
373 3274 583 3362 ἐπιβάλοιεν,
619 3278 744 3369 ῥηιδίως
773 3268 1006 3359 έπικρατησειν
1024 3290 1058 3343 30

46 3376 193 3465 οίόμενοι
212 3383 260 3471 τῷ
279 3379 433 3469 πολέμφ,
453 3382 561 3469 πολλῇ
574 3380 713 3468 στρατιᾷ
730 3378 772 3463 τῇ
791 3398 827 3441 τε
848 3370 1007 3461 έξάότῆς

46 3485 101 3569 τῆς
116 3480 247 3563 πόλεως
258 3488 511 3571 καταγραφείσῃ
524 3483 581 3551 καλ
598 3484 634 3549 ἐκ
649 3483 724 3548 τῶν
733 3473 911 3611 δμοεθιχοόν
925 3475 1008 3545 κατά

791 3583 830 3644 12
