2367 3850
434 131 661 195 -Γ-
960 131 1022 196 255

54 291 94 362 δέ
121 289 249 374 Τύλλος
266 301 366 386 μοίρηι
388 297 456 366 τινὶ
474 301 544 366 τῶν
557 297 690 366 ίππέων
701 293 861 374 κελεύσας
873 291 952 374 τούς
967 296 1023 364 ἐπὶ

52 393 116 463 τόν
150 395 300 484 ποταμόν
326 395 545 487 ὠθουμένους
574 405 738 483 κτείνειν,
773 393 874 478 αὐτὸς
898 398 954 467 ἐπὶ
984 395 1023 467 τό

52 497 284 586 στρατόπεδον
312 505 383 570 τῶν
411 497 630 572 Οὐιεντανῶν
654 497 717 590 τὴν
743 495 850 588 ἀλλην
876 499 1023 588 δύναμιν

51 597 151 686 ἄγων
171 603 205 684 ἐξ
226 601 355 690 ἐφόδου
374 609 503 691 γίνεται
524 603 641 693 κύριος
667 599 792 672 αὐτοῦ·
820 603 877 672 καί
895 600 936 672 τά
959 602 1022 692 μὲν

46 698 223 792 Ῥωμαίων
235 703 412 795 πράγματα
429 706 622 798 παραδόξου
642 703 786 794 τυχόντα
799 711 965 796 σωτηρίας
984 707 1022 774 ἐν
1038 717 1056 768 5

51 805 187 885 τούτοις
204 798 257 896 ἦν.

128 908 253 980 XXVI.
276 904 312 978 ‘O
335 909 374 978 δὲ
389 906 548 996 Ἀλβανός
568 907 685 998 ἐπειδὴ
705 914 864 1001 λαμπρῶς
883 908 951 1000 ἤδη
969 938 1020 978 νι-

51 1015 187 1090 κῶντας
202 1009 366 1082 ἐθεάσατο
383 1011 462 1092 τούς
477 1009 563 1100 ἀμφὶ
579 1010 640 1081 τόν
666 1012 814 1099 Τόλλον,
838 1011 1020 1102 καταβιβά-

50 1133 114 1193 σας
129 1114 188 1182 καὶ
201 1111 300 1194 αὐτὸς
321 1111 387 1183 ἀπὸ
405 1122 473 1184 τῶν
486 1110 629 1202 ὑψηλῶν
641 1113 703 1203 τὴν
723 1121 852 1184 οίκείαν
873 1113 1020 1203 δύναμιν

51 1218 109 1285 ἐπὶ
130 1214 210 1298 τούς
230 1215 418 1306 φεύγοντας
438 1221 507 1286 τῶν
528 1223 726 1307 Φιδηναίων
744 1217 878 1306 ἐχώρει,
897 1224 955 1287 ἵνα
976 1217 1018 1306 δὴ
1038 1233 1072 1282 10

51 1334 125 1400 τοῖς
143 1315 314 1410 Ῥωμαίοις
337 1322 466 1407 γένοιτο
481 1323 562 1390 πᾶσι
582 1320 728 1409 φανερός
744 1327 845 1410 ἔργον
862 1347 894 1389 τι
914 1326 1021 1390 ποιῶν

4 1443 34 1492 ,87
52 1421 231 1511 συμμάχου
239 1424 294 1494 καί
303 1421 818 1512 συχνούςτῶνδιεσκεδασμένων
828 1425 867 1493 ἐν
875 1428 917 1511 τῇ
927 1428 1022 1512 φυγῇ

53 1527 244 1614 διέφθειρε.
268 1528 382 1606 συνεὶς
395 1525 433 1595 δὲ
447 1523 508 1614 τὴν
522 1526 678 1596 διάνοιαν
690 1523 797 1596 αὐτοῦ
809 1527 866 1595 καί
880 1525 1021 1614 μισήσας

52 1627 117 1718 τὴν
132 1634 421 1718 παλινπροδοσίαν
436 1624 455 1698 ὁ
473 1625 601 1709 Τύλλος
614 1627 717 1699 οὐδὲν
737 1630 923 1716 ἐξελέγχειν
936 1625 1019 1722 φ”ετο

54 1738 132 1800 δεῖν
148 1729 233 1802 κατὰ
246 1730 283 1801 τό
293 1729 421 1821 παρόν,
436 1736 498 1811 ἕως
511 1725 555 1800 ἀν
568 1728 632 1819 ὐφ’
647 1735 755 1826 ἑαυτῷ
768 1732 944 1822 ποιήσηται
959 1730 1019 1801 τὸν
1038 1746 1069 1796 15

52 1833 183 1922 ἀνδρα,
200 1831 284 1904 ἀλλὰ
304 1838 455 1904 ἐπαινεῖν
475 1861 511 1904 τε
525 1833 588 1924 τὴν
602 1832 815 1924 ἀναχώρησιν
835 1832 942 1904 αὐτού
960 1831 1022 1922 τὴν

54 1930 110 2008 ἐπί
132 1936 173 2007 τοὶ
189 1941 338 2027 μετέωρα
353 1936 436 2028 πρὸς
455 1936 602 2019 πολλούς
613 1944 681 2009 τῶν
694 1938 873 2029 παρόντων
892 1934 937 2017 ῶς
956 1933 1021 2007 ἀπὸ

53 2039 180 2120 παντὸς
202 2046 262 2111 τού
277 2047 454 2129 βελτίστου
468 2045 656 2131 γενομένην
676 2030 856 2130 ἐσκήπτετο
876 2041 1022 2109 καὶτῶν

53 2146 188 2234 ἱππέων
205 2143 327 2232 μοῖράν
348 2169 424 2213 τινα
444 2147 576 2233 πέμψας
595 2139 641 2225 ῶς
653 2141 758 2213 αὐτόν
777 2133 877 2233 ἠξίου
887 2148 1021 2211 τελείαν

51 2243 299 2331 ἀποδείξασθαι
319 2244 380 2335 τὴν
403 2254 617 2336 προθυμίαν,
644 2244 721 2327 τούς
743 2245 788 2336 μὴ
810 2246 1021 2334 δυνηθέντας
1038 2264 1072 2315 20

53 2351 102 2431 ε’ίς
124 2348 166 2419 τοί
180 2356 271 2439 τείχη
287 2355 354 2419 τῶν
369 2354 566 2439 Φιδηναίων
585 2348 812 2439 καταφεύγειν
832 2344 910 2417 ἀλλ’
927 2348 1019 2417 ἐσκε-
1114 2398 1120 2408 1

53 2454 244 2540 δασμένους
272 2450 337 2523 ἀνὰ
362 2449 425 2540 τὴν
451 2449 565 2543 χώραν
592 2450 736 2539 συχνοὺς
756 2449 855 2531 όντας
870 2449 1021 2538 κελεύων

53 2552 327 2645 διερευνώμενον
340 2551 562 2626 ἀποκτείνειν.
586 2552 742 2637 κάκεῖνος
755 2549 801 2634 ῶς
813 2553 960 2640 θάτερον
972 2542 1022 2622 ῶν

51 2656 175 2746 ἤλπισε
211 2658 500 2747 διαπεπραγμένος
527 2658 584 2727 καὶ
617 2654 771 2746 λεληθῶς
800 2654 861 2727 τόν
890 2653 1022 2726 Τόλλον

54 2763 169 2851 ἔχαιρέ
196 2788 231 2831 τε
260 2762 316 2832 καὶ
341 2763 437 2850 μέχρι
464 2765 595 2831 πολλοῦ
611 2756 903 2831 καθιππεύωνιτύ
921 2764 1021 2829 πεδία
1038 2779 1071 2828 εσ

54 2862 135 2945 τούς
154 2864 516 2953 καταλαμβανομένους
537 2863 752 2952 διέφθειρεν,
778 2859 844 2953 ἤδη
867 2862 1020 2931 δεδεδυ-

55 2966 154 3049 κότος
166 2963 265 3057 ἡλίου
280 2964 357 3049 τούς
378 2968 497 3047 ίππέας
510 2956 593 3055 ἧκεν
610 2963 704 3053 ἀγων
717 2968 772 3036 ἐπὶ
785 2965 823 3036 τό
837 2963 1020 3052 στρατόπε·

55 3077 118 3140 δον
130 3066 357 3158 τδῬωμαῖκύν
370 3072 408 3139 ἐκ
420 3075 482 3139 τού
497 3074 648 3158 διωγμοῦ
661 3070 718 3138 καὶ
731 3066 794 3156 τὴν
808 3069 1022 3137 ἐπελθοῦσαν
1123 3141 1129 3149 ,

54 3173 163 3243 νόκτα
175 3177 214 3245 ἐν
231 3170 429 3253 εὐπαθείαις
441 3169 509 3261 ἅμα
521 3187 590 3254 τοῖς
605 3174 747 3263 ἑταίροις
759 3162 813 3260 ἦν.
842 3164 861 3237 ό
876 3167 914 3237 δέ
932 3166 1020 3237 Τόλ-

3 3288 40 3341 ιεὸ
57 3286 114 3357 λος
129 3280 168 3346 ἐν
188 3282 236 3371 τῷ
257 3273 477 3347 Οὐιεντανῶν
504 3275 624 3365 χάρακι
650 3282 766 3364 μείνας
791 3270 868 3361 ἄχρι
888 3269 1021 3360 πρώτης
1038 3292 1072 3345 30

56 3385 212 3467 φυλακῆς
231 3382 288 3449 καὶ
310 3376 388 3459 τούς
409 3377 693 3466 ἐπιφανεστάτους
711 3381 781 3445 τῶν
802 3374 1021 3463 αἰχμαλώτων

56 3480 259 3574 ἀνακρίνας,
278 3490 367 3565 τίνες
388 3473 475 3571 ἦσαν
494 3486 529 3551 οί
543 3486 604 3569 τῆς
621 3475 833 3559 ἀποστάσεως
846 3472 1017 3566 ἡγεμόνες,
