2367 3850
422 109 658 186 -I'-
960 113 1023 178 2⁹1

34 288 138 354 σαν,
156 259 262 359 ἦςάν
274 265 369 341 αύτολ
381 268 427 360 μὴ
441 275 631 360 δεηθεῖσιν,
655 267 882 360 οὐχ-’ἅπαντες
896 274 951 344 ἐπλ
962 279 1023 366 τῆς

36 370 160 461 αὐτῆς
181 371 356 462 γενόμενοι
383 372 533 463 γνάμης,
556 371 642 444 άλλά
667 378 767 446 πέντε
786 374 900 455 πόλεις
919 376 1021 465 μόναι

34 481 243 546 Κλουσῖνοί
253 477 358 545 τεκαὶ
378 473 563 566 Ἀρρητῖνοι
576 474 1018 567 καλθύολατερρανολῬου·

36 585 191 647 σιλανοί
213 605 249 646 τε
275 579 332 648 καὶ
358 585 406 648 ἔτι
431 577 515 668 πρὸς
530 577 660 660 τούτοις
681 576 965 652 Οὐετυλωνιᾶται.

129 679 197 750 LII.
217 679 358 761 Ταύταις
378 682 582 770 ἐπαρθέντες
595 697 667 762 ταῖς
680 685 814 752 ἐλπίσιν
833 686 870 754 οί
877 690 1054 768 Λατίνοις

37 781 392 870 παρασκευασάμενοι
414 783 561 878 δύναμινΙ
583 791 712 854 οἰκείαν
731 783 861 875 συχνὴν
877 788 934 856 καλ
955 784 1018 876 τὴν

37 881 144 970 παρά
157 890 349 973 Τυρρηνῶν
366 886 610 973 προςλαβόντες
627 893 675 967 είς
686 885 749 975 τὴν
756 883 936 976 Ῥωμαίων
952 895 1018 979 γῆν

37 987 233 1074 ἐνέβαλον,
257 988 314 1056 καὶ
340 986 424 1056 κατά
443 987 502 1058 τὸν
528 984 635 1058 αύτόν
659 987 781 1076 χρόνον
806 992 844 1059 ἐκ
862 994 924 1058 τού
942 999 1016 1062 Σα·

38 1094 162 1175 βίυων
185 1096 308 1169 ἔθνους
337 1093 376 1157 αἱ
398 1093 458 1160 τοῦ
484 1092 632 1178 πολέμου
656 1091 877 1178 κοινωνήσειν
902 1089 1018 1172 αύτοῑς

37 1187 279 1280 ὑποσχόμεναι
319 1189 433 1272 πόλεις
474 1188 536 1280 τὴν
577 1197 858 1282 προσομορούσαν
897 1190 1015 1276 αύταλς
1032 1213 1066 1266 1⁰

39 1293 167 1382 χώραν
189 1294 323 1384 ἐδῄουν.
351 1289 428 1363 ὁδέ
447 1291 705 1383 τῶνῬωμαίων
724 1294 882 1384 βασιλεύς
904 1321 1013 1381 παρα·

42 1395 299 1485 σκευασάμενος
318 1397 375 1466 καὶ
393 1391 493 1478 αὐτὸς
508 1399 545 1466 ἐν
559 1403 607 1490 τῷ
623 1395 747 1486 μεταξύ
760 1397 871 1491 χρόνῳ
885 1396 1015 1487 πολλὴν

4 1507 22 1556 ²
44 1500 107 1568 καλ
127 1494 265 1587 ἀγαθὴν
287 1498 433 1587 δύναμιν
454 1502 570 1587 ἐξῆγεν
589 1502 646 1569 ἐπὶ
667 1498 746 1579 τούς
764 1507 944 1587 πολεμίους
958 1497 1015 1570 διά

40 1604 188 1688 ταχέων.
225 1607 387 1689 Σαβίνοις
406 1601 468 1688 μὲν
486 1592 550 1669 ούν
570 1596 639 1690 ἅμα
658 1603 715 1671 καὶ
734 1610 892 1682 Λατίνοις
911 1611 1011 1671 πολε·

41 1719 126 1791 μεῖν
141 1703 196 1773 παλ
206 1707 351 1792 διαιρεῖν
366 1709 413 1783 είς
425 1701 485 1772 δύο
498 1703 582 1792 μέρη
591 1701 654 1792 τὴν
668 1703 814 1792 δύναμιν
827 1701 890 1774 ούκ
899 1700 1009 1791 άσφα·
1030 1717 1064 1769 15

43 1805 104 1886 λὲς
130 1800 301 1892 ὑπέλαβεν
327 1805 432 1892 εἶναι,
463 1802 599 1874 ἅπασαν
623 1805 663 1876 δὲ
687 1803 751 1894 τὴν
772 1803 932 1896 στρατιάν
958 1808 1017 1877 ἐπὶ

43 1914 215 1989 Λατίνους
243 1905 339 1996 άγειν
368 1907 592 1998 ἐβουλεύσατο
622 1910 679 1978 καὶ
710 1916 842 1981 τίθεται
870 1917 1015 1999 πλησίον

43 2007 163 2081 αύτοόν
184 2010 244 2081 τόν
262 2011 400 2100 χάρακα.
430 2007 505 2079 κατ’
519 2007 623 2101 άρχάς
639 2012 702 2100 μὲν
716 2002 781 2081 οόν
799 2009 950 2101 ὀκνηρῶς
965 2012 1012 2083 εί-

43 2140 108 2201 χον
129 2112 277 2201 ἑκάτεροι
297 2111 419 2193 πάσαις
440 2110 726 2184 ἀποκινδυνεῦσαι
748 2130 822 2194 ταῖς
848 2114 1014 2203 δυνάμεσι

45 2215 196 2297 δεδιότες
223 2214 282 2297 τάς
309 2213 464 2303 ἀλλήλοιν
487 2214 720 2304 παρασκευάς,
747 2213 1014 2305 ἀκροβολισμούς
1028 2231 1064 2285 2⁰

44 2318 85 2388 δὲ
107 2318 277 2399 κατιόντες
296 2322 333 2388 ἐκ
354 2323 424 2387 τάν
445 2317 621 2408 ἐρυμάτων
638 2324 674 2389 οί
690 2321 782 2400 ψιλοὶ
798 2315 880 2406 παρ’
895 2319 1011 2389 ἕκατά·

43 2448 119 2509 ρων
140 2436 291 2509 συνεχεῖς
308 2424 484 2491 ἐποιοῦντο
505 2423 561 2491 καὶ
578 2412 667 2508 ἦσαν
687 2416 732 2500 ὡς
747 2419 788 2491 τά
809 2418 916 2491 πολλά
939 2420 1010 2492 ίσό·

42 2542 159 2611 μαχοι·
184 2523 293 2617 χρόνῳ
313 2519 343 2591 δ’
359 2522 502 2613 ὕστερον
522 2522 730 2611 ἐμπεσούσης
749 2520 951 2611 άμφοτέροις
971 2526 1010 2595 ἐκ

44 2630 115 2695 τοῖν
132 2626 297 2696 τοιούτων
307 2622 500 2714 ἁψιμαχιῶν
518 2634 727 2714 φιλονεικίας
745 2628 1011 2713 ἐπιβοηθοῦντες

44 2726 196 2815 ἑκάτεροι
210 2744 278 2807 τοῖς
288 2731 471 2815 σφετέροις,
485 2726 592 2817 ὀλίγοι
603 2728 666 2817 μὲν
678 2726 716 2796 τό
728 2733 875 2815 πρῶτον,
893 2734 1008 2799 ἔπειτα
1025 2744 1060 2796 25

45 2830 239 2918 σύμπαντες
252 2828 515 2920 ἡναγκάσθησαν
531 2835 568 2901 ἐκ
585 2836 654 2900 τῶν
667 2832 902 2919 στρατοπέδων
927 2857 1010 2919 προ·

45 2943 174 3002 ελθεῑν.
196 2935 251 3003 καλ
265 2935 486 3014 καταστάντες
501 2940 547 3015 είς
562 2932 672 3022 μάχην
683 2931 807 3020 ἄνδρες
819 2930 898 3003 οὔτε
910 2941 1009 3002 πολε·

42 3038 155 3123 μικιδν
168 3032 311 3121 άγάνων
320 3033 468 3123 άτριβετς
480 3034 558 3105 οὔτε
572 3034 697 3125 πλήθει
711 3032 798 3105 πολύ
809 3031 1011 3114 ἀποδέοντες

43 3136 202 3226 ἀλλήλων
220 3144 315 3223 πεζοί
328 3165 364 3207 τε
378 3139 435 3207 καλ
455 3143 567 3217 ἱππεῖς
581 3144 757 3229 προθυμίη
770 3162 808 3205 τε
822 3130 1016 3223 ὡρμημένοι

42 3238 128 3329 πρὸς
153 3238 213 3309 τόν
234 3239 379 3329 πόλεμον
399 3237 496 3332 ὁμοία
517 3240 573 3309 καὶ
601 3244 766 3309 κίνδυνον
785 3234 846 3305 τὸν
871 3244 1011 3324 ἔσχατον
1026 3254 1061 3309 λδ

43 3340 265 3431 άναρριπτελν
288 3350 483 3430 νομίσαντες
514 3340 725 3432 ἠγωνίσαντο
746 3338 809 3427 μὲν
829 3335 1009 3426 ἀμφότεροι

42 3444 151 3533 λόγου
167 3440 283 3532 άξίας,
305 3449 525 3533 διεκρίθησαν
548 3444 586 3513 δὲ
608 3440 669 3512 ἀπ’
686 3439 841 3529 ἀλλήλων
860 3440 1013 3529 ίσόμαχοι

787 3547 853 3609 19*
