2367 3850
172 111 234 176 138
533 111 759 189 -ε,-

168 277 378 362 βλασφημίαι
398 271 487 352 τινες
512 279 619 344 ἔνεισι
646 269 721 344 κατ’
737 269 851 342 αὐτῶν
877 267 898 362 ή
926 279 1136 360 κατηγορίαι,

168 374 337 464 πονηρούς
361 376 419 444 καὶ
444 371 632 464 ἀνωφελεῖς
655 377 712 446 καὶ
736 371 926 464 ἀσχήμονας
950 371 1136 463 ἀπολαβων

167 479 255 550 εἶναι
276 480 331 548 καὶ
344 474 406 564 οὐχ
423 475 477 556 ότι·
488 484 582 548 θεῶν
600 475 675 548 ἀλλ’
691 473 767 548 οὐδ’
783 475 979 567 ἀνθρώπων
991 475 1137 566 ἀγαθῶν
1172 477 1173 548 I

166 579 299 666 ἀξίους,
324 577 474 660 ἅπαντας
489 584 624 670 ἐξέβαλε
644 583 701 650 καὶ
721 581 952 670 παρεσκεύασε
973 579 1053 661 τούς
1074 578 1135 656 ἀν’

132 683 327 774 εθρῶπονς
346 682 505 772 κράτιστα
524 685 602 774 περὶ
616 689 709 754 θεῶν
729 687 842 771 λέγειν
854 711 891 754 τε
911 685 968 754 καὶ
990 699 1136 772 φρονεῖν
1173 686 1174 760 I

167 787 273 877 μηδὲν
293 783 407 866 αὐτοῖς
426 786 678 876 προσάπτοντας
694 783 831 871 ἀνάξιον
852 786 1060 876 ἐπιτήδευμα
1076 792 1136 876 τής
1171 763 1174 858 I

166 897 331 978 μακαρίας
344 888 487 976 φύσεως.

151 1079 158 1087 ⁴
240 990 372 1061 XVIIII.
388 991 475 1062 Οὔτε
488 989 553 1080 γάρ
564 987 717 1081 Οὐρανός
731 990 971 1080 ἐκτεμνόμενος
984 986 1052 1060 ύπό
1064 995 1135 1060 τῶν

15 1185 22 1192 .
166 1099 288 1166 ἑαυτοῦ
301 1100 434 1165 παίδων
451 1093 542 1183 παρά
558 1091 731 1182 Ῥωμαίοις
744 1096 875 1183 λέγεται
901 1091 979 1164 οὔτε
999 1093 1135 1184 Κρόνος
1174 1115 1175 1158 ι

115 1223 149 1276 10
166 1196 338 1287 ἀφανίζων
351 1195 409 1278 τάς
429 1199 552 1269 ἑαυτοῦ
563 1196 665 1285 γονάς
679 1197 776 1290 φόβφ
797 1201 855 1288 τής
869 1199 902 1280 ἐξ
921 1194 1036 1268 αὐτῶν
1053 1199 1132 1268 έπι·
1148 1217 1175 1272 τί

164 1305 294 1381 θέσεως
307 1297 385 1370 οὔτε
398 1302 485 1382 Ζεύς
500 1300 680 1372 καταλύων
699 1298 761 1389 τήν
774 1299 911 1390 Κρόνου
925 1306 1134 1371 δυναστείαν

165 1406 222 1475 καὶ
235 1410 443 1474 κατακλείων
456 1407 495 1474 ἐν
507 1407 555 1496 τῷ
568 1409 785 1496 δεσμωτηρίῳ
804 1408 866 1474 τοῦ
883 1403 1059 1493 Ταρτάρου
1073 1401 1133 1474 τόν

165 1510 289 1578 ἑαυτοῦ
316 1508 444 1596 πατέρα
466 1503 549 1578 ούδὲ
568 1533 607 1593 γε
633 1505 772 1596 πόλεμοι
793 1507 849 1576 καὶ
875 1505 1049 1596 τραύματα
1075 1507 1133 1576 καί

79 1687 81 1697 ¹
166 1613 283 1697 δεσμοὶ
300 1612 357 1680 καὶ
376 1621 510 1698 θητεῖαι
525 1613 620 1678 θεῶν
643 1606 723 1698 παρ’
739 1606 949 1696 ἀνθρώποις·
974 1607 1075 1698 ἑορτή
1098 1635 1133 1678 τε
1176 1604 1177 1682 I

115 1729 148 1782 ιο
165 1710 307 1801 οὐδεμία
325 1709 407 1800 παρ’
423 1710 537 1792 αὐτοῖς
556 1719 767 1801 μελανείμων
788 1706 809 1802 ή
825 1713 990 1800 πένθιμος
1011 1709 1133 1798 ἀγεται
1176 1685 1177 1774 I

163 1813 328 1896 τυπετοὺς
354 1823 476 1903 ἔχουσα
502 1818 560 1884 καὶ
585 1813 738 1904 θρήνους
762 1819 936 1902 γυναικῶν
959 1815 1015 1886 ἐπὶ
1035 1825 1133 1896 θεοῖς

163 1916 436 2007 ἀφανιζομένοις,
460 1914 505 2000 ῶς
523 1913 773 2007 παρ”Ἐλλησιν
786 1917 985 1989 ἐπιτελεῖται
999 1926 1085 2007 περί
1094 1946 1132 1988 τε
1177 1908 1178 1987 I

39 2099 49 2113 Ι
164 2021 384 2111 Περσεφόνης
400 2018 556 2112 ἁρπαγήν
576 2024 635 2091 καὶ
646 2020 688 2092 τά
700 2020 873 2091 Διονύσου
887 2018 982 2110 πύθη
996 2024 1052 2091 καί
1066 2019 1131 2091 όσα

163 2123 248 2195 ἀλλα
266 2130 419 2195 τοιαῦτα·
444 2121 519 2195 οὐδ’
542 2119 587 2194 ἀν
606 2130 674 2194 ίδοι
692 2152 742 2205 τις
761 2120 843 2213 παρ’
859 2121 990 2209 αὐτοῖς,
1017 2130 1131 2195 καίτοι

113 2245 148 2296 20
165 2229 427 2317 διεφθαρμένων
446 2226 511 2318 ήδη
530 2232 601 2297 τῶν
620 2229 730 2314 ἐθῶν,
758 2224 799 2297 ού
821 2226 1063 2316 θεοφορήσεις,
1087 2224 1130 2297 ού

163 2328 491 2420 κορυβαντιασμούς,
516 2327 581 2399 οάκ
601 2327 788 2421 ἀγυρμούς,
815 2325 857 2399 ού
883 2336 1041 2418 βακχείας
1070 2330 1130 2401 καί

163 2431 296 2513 τελετάς
315 2431 543 2525 ἀπορρήτους,
571 2429 613 2502 ου’
636 2430 946 2521 διαπαννυχισμοδς
964 2434 1003 2501 έν
1025 2436 1130 2521 ίεροῖς

163 2532 300 2624 ἀνδρῶν
319 2534 386 2607 σύν
404 2537 561 2627 γυναιξὶν
568 2588 578 2623 ,
604 2532 666 2605 οὐκ
689 2533 770 2606 ἀλλο
791 2539 860 2605 τῶν
882 2542 1129 2624 παραπλησίων

163 2637 292 2718 τούτοις
312 2637 568 2728 τερατευμάτων
582 2635 704 2726 οὐδέν,
722 2635 807 2708 ἀλλά
823 2634 973 2725 εὐλαβῶς
993 2635 1128 2709 ἀπαντα
1144 2656 1178 2708 κῖῖ

112 2760 146 2814 25
164 2739 375 2828 πραττόμενά
389 2770 425 2811 τε
444 2745 502 2812 καὶ
514 2740 679 2829 λεγόμενα
696 2739 736 2809 τά
755 2741 834 2831 περὶ
849 2739 927 2821 τούς
939 2738 1061 2827 θεούς,
1083 2738 1128 2823 ῶς

163 2840 242 2913 οὔτε
256 2840 336 2931 παρ’
350 2841 509 2933 Ἕλλησιν
521 2841 599 2914 οὔτε
612 2842 703 2931 παρά
715 2842 914 2932 βαρβάροις·
936 2845 993 2913 καὶ
1005 2839 1025 2913 ό
1038 2843 1126 2913 π’ἀν-

162 2971 232 3015 των
244 2946 386 3033 μάλιστα
400 2953 505 3036 έγωγε
518 2946 733 3036 τεθαύμακα,
753 2953 874 3036 καίπερ
887 2952 1019 3035 μυρίων
1034 2942 1128 3016 ὅσων

162 3055 212 3130 είς
232 3048 294 3139 τήν
306 3048 405 3120 πόλιν
419 3049 636 3137 ἐληλυθότων
651 3052 780 3135 ἐθνῶν,
802 3045 851 3128 οἷς
866 3047 972 3135 πολλή
993 3046 1126 3139 ἀνάγκη

162 3153 276 3240 σέβειν
300 3150 379 3234 τούς
401 3159 561 3241 πατρίους
581 3149 685 3233 θεούς
711 3166 787 3249 τοῖς
799 3161 939 3223 οίκοθεν
960 3158 1126 3240 νομίμοις,

110 3274 147 3327 ³0
161 3252 302 3337 οὐδενός
316 3262 364 3337 είς
383 3262 482 3345 ζήλου
502 3256 648 3346 ἐλήλυθε
661 3258 729 3325 τῶν
743 3258 886 3338 ξενικῶν
899 3255 1125 3342 ἐπιτηδευμα-

161 3385 231 3427 των
249 3357 269 3449 ή
282 3358 378 3441 πόλις
392 3366 552 3452 δημοσίᾳ,
569 3355 592 3426 δ
606 3366 744 3437 πολλαῖς
766 3355 830 3447 ήδη
844 3360 970 3445 συνέβη
985 3368 1125 3444 παθεῖν,

161 3456 247 3529 ἀλλά
265 3465 321 3533 καλ
342 3473 376 3535 εῖ
392 3485 469 3533 τινα
487 3460 574 3533 κατά
590 3458 759 3554 χρησμούς
778 3460 1017 3551 ἐπεισηγάγετο
1038 3460 1124 3553 ίερά,
