2367 3850
183 105 245 170 228
549 133 602 147 -
655 103 787 166 Γ·-

185 265 227 336 τδι
245 263 278 336 δ’
295 260 438 354 ἡμέτερα
452 263 631 354 πράγματα
648 262 711 354 ούχ
723 260 832 347 οὕτως
845 269 932 355 ἔχει,
959 262 1040 336 ἄλλ’
1055 261 1080 356 ἡ
1095 264 1155 354 μὲν

185 366 330 459 ὑμετέρα
345 369 441 449 πόλις
454 366 520 438 ἀπὸ
533 375 684 458 μείζονος
700 365 889 456 αὐχήματος
909 366 1084 458 ἀρχομένη
1100 368 1154 436 καὶ
1181 384 1182 387 ’

187 472 355 542 πλειόνων
370 469 533 560 ύφορμων
545 477 691 558 τυχοῦσα
709 478 757 551 είς
770 471 932 540 ἐλάττονα
945 471 1053 558 ὄγκον
1064 495 1152 540 συν-

186 581 302 664 ῆκται,
328 570 422 663 ἡμεῖς
437 573 475 642 δὲ
497 572 617 663 μικρὰς
636 572 695 664 τὰς
714 573 848 665 πρύτας
867 572 970 661 ιἰρχδς
987 573 1154 661 λαβόντες

153 697 171 750 ο
189 680 227 748 ἐν
240 675 282 745 ού
300 682 413 769 πολλῷ
427 674 537 769 χρόυφ
551 685 712 764 μεγίστην
733 683 804 746 τῶν
823 677 1068 765 πλησιοχώρων
1093 675 1152 745 πό·

188 789 276 850 λεων
290 776 351 867 τὴν
359 776 486 867 Ῥώμην
506 778 735 868 πεποιήκαμεν
755 779 887 860 τούτοις
902 795 974 860 τοίς
991 775 1152 850 πολιτεύ-

187 902 292 971 μασιν
313 872 362 950 οόν
387 880 430 951 σύ
454 881 649 969 κατηγόρεις
667 881 846 971 χρεόμενοι.
887 880 926 950 τὸ
948 882 987 952 δὲ
1009 880 1151 950 στασιύ·

188 994 245 1070 ζον
253 979 358 1073 ἡμῶν,
374 987 446 1054 ἐπεὶ
456 987 619 1055 καὶτοῦτο
631 981 673 1054 δι’
684 993 792 1065 αἰτίας
801 984 897 1072 εἶχες,
911 975 1152 1070 ύΦονφέττιε,

188 1083 252 1156 ούκ
273 1087 328 1158 ἐπὶ
346 1091 520 1178 διαφθορᾷ
542 1088 598 1157 καὶ
620 1085 797 1157 ἐλαττώσει
816 1092 885 1156 τοῖν
905 1093 1048 1167 κοινῶν,
1070 1084 1150 1156 ἀλλ’

138 1207 172 1260 10
191 1190 246 1260 ἐπλ
260 1197 407 1282 σωτηρίᾳ
421 1191 476 1258 καλ
489 1186 625 1278 αὐξήσει
638 1199 777 1275 γίνεται.
799 1187 1072 1276 φιλοτιμούμεθα
1087 1188 1152 1278 γὰρ
1182 1186 1183 1193 ¹

188 1296 224 1362 οί
246 1289 403 1380 νεύτεροι
423 1289 506 1378 πρός
525 1290 604 1374 τούς
623 1295 873 1380 πρεσβυτέρους
892 1294 1004 1363 καλοί
1020 1297 1152 1362 ἐποικοι

188 1393 272 1478 πρὸς
285 1392 363 1474 τούς
378 1397 690 1482 ἐπικαλεσαμένους,
705 1394 841 1485 πότεροι
852 1402 993 1465 πλείονα
1004 1395 1148 1483 ποιησο-
1182 1408 1183 1411 ’

188 1524 252 1586 μεν
272 1492 444 1566 τὸκοινόν
469 1493 592 1584 ἀγαθοί.
634 1503 692 1566 ἵνα
712 1499 751 1568 δὲ
771 1495 948 1585 συντεμιόυ
972 1506 1059 1566 είπω
1082 1513 1152 1578 τοῖς

188 1601 370 1686 μέλλουσιν
393 1601 515 1689 ἑτέρων
543 1597 659 1689 ἄρξειν
678 1598 742 1670 δύο
757 1616 936 1688 προσεῖναι
954 1605 1011 1668 δεῖ
1031 1589 1149 1685 ταύτα,

139 1721 171 1772 15
188 1698 250 1790 τὴν
264 1702 302 1770 ἐν
312 1705 359 1796 τῷ
372 1710 532 1791 πολεμεῖν
547 1700 646 1790 ἰσχύν
657 1705 715 1772 καί
727 1701 789 1791 τὴν
805 1706 844 1772 ἑν
856 1707 905 1795 τῷ
920 1701 1150 1790 βουλεύεσθαι

189 1802 373 1891 φρόνησιν,
397 1800 419 1872 δι’
438 1807 515 1892 περὶ
536 1801 623 1894 ἡμᾶς
642 1807 734 1875 ἐστιν
752 1802 941 1894 ιἰμφότερα·
970 1806 1028 1874 καὶ
1042 1801 1148 1875 ότιού
1182 1870 1183 1887 2

188 1900 318 1985 κενόςό
335 1904 460 1995 κόμπος
478 1903 499 1997 ἡ
514 1906 639 1989 παντός
652 1907 756 1996 λόγου
776 1916 938 1997 κρείττων
952 1921 1054 1993 πείρα
1066 1904 1148 1997 ἡμῖν

188 2024 360 2095 μαρτυρεῖ.
391 2010 557 2098 τοσαύτην
569 2016 656 2099 γοῦν
666 2014 807 2100 μεγέθει
820 2014 877 2081 καὶ
892 2008 1036 2100 δυνάμει
1047 2011 1146 2081 πόλιν

188 2107 250 2199 ούχ
272 2106 346 2180 οίόν
367 2138 403 2181 τε
428 2104 472 2202 ἦν
492 2116 655 2200 γενέσθαι
671 2121 766 2203 τρίτη
785 2120 887 2207 γενεᾷ
908 2112 992 2202 μετὰ
1013 2111 1073 2183 τόν
1097 2122 1145 2183 οί-

137 2224 171 2277 20
188 2210 326 2302 κισμόν,
356 2219 388 2283 εί
405 2214 450 2304 μὴ
468 2216 506 2285 τό
520 2244 555 2285 τε
576 2214 738 2304 ἀνδρεῖον
757 2221 972 2306 ἐπερίττευεν
990 2213 1077 2305 αὐτῇ
1092 2220 1144 2285 καὶ

187 2314 225 2385 τὸ
246 2314 423 2404 φρόνιμον.
459 2320 570 2388 ίκαναὶ
590 2320 629 2389 δέ
648 2326 874 2408 τεκμηριῶσαι
894 2317 933 2389 τό
945 2318 1067 2407 κρότος
1086 2316 1143 2389 αύ-

187 2423 245 2507 τῆς
257 2422 377 2488 πολλαὶ
391 2419 504 2499 πόλεις
523 2424 560 2491 ἐκ
580 2427 642 2491 τού
653 2430 812 2491 Λατίνων
831 2414 930 2491 ούσαι
948 2425 1073 2509 γέυους
1091 2422 1145 2491 καί

186 2519 250 2609 τὴν
282 2528 391 2591 κτίσιν
419 2519 481 2610 ἀφ’
509 2518 606 2611 ὑμῶν
639 2532 790 2611 ἐχουσαι,
823 2531 861 2594 αἳ
883 2521 947 2612 τὴν
980 2520 1145 2612 ὑμετέραν

74 2663 80 2670 -
187 2618 410 2707 ὑπεριδοῦσαι
437 2621 538 2696 πόλιν
565 2621 647 2715 ἡμίν
675 2625 969 2715 προσκεχωρήκασι
998 2629 1058 2696 καὶ
1081 2622 1144 2696 ὑπό

136 2736 170 2791 25
183 2717 353 2811 Ῥωμαίων
366 2722 528 2813 ἄρχεσθαι
542 2734 669 2817 μᾶλλον
682 2726 832 2811 ἀξιοῦσιν
850 2726 871 2819 ἦ
883 2726 951 2798 ὑπὸ
963 2725 1141 2817 Ἀλβανόν,

188 2820 233 2903 ὡς
246 2819 341 2913 ἡμῶν
353 2826 415 2914 μὲν
433 2826 606 2918 ύμφότερα
620 2836 748 2901 ίκανοῑν
761 2830 872 2901 όντων
884 2831 963 2911 τούς
977 2859 1014 2899 τε
1026 2840 1142 2920 φίλους

188 2920 227 2997 εὖ
248 2943 358 2998 ποιεῖν
380 2925 436 2998 καὶ
455 2930 533 3013 τούς
555 2932 698 3022 ἐχθρούς
718 2940 844 3019 κακῶς,
872 2932 969 3024 ὑμῶν
991 2931 1024 3003 δ’
1047 2926 1138 3004 0230ss-

187 3058 276 3116 τερα.
325 3029 432 3101 πολλὰ
459 3033 548 3121 είχον
576 3044 624 3105 ἐτι
643 3040 701 3107 καὶ
726 3036 865 3125 ἰσχυρὰ,
899 3029 1138 3126 ύΦουφέττιε,

63 3146 66 3163 ’
187 3129 271 3220 πρὸς
287 3131 346 3213 τὰς
366 3136 576 3223 δικαιώσεις,
599 3136 638 3218 εἲς
658 3138 702 3209 σύ
721 3143 907 3227 παρέσχου,
926 3143 1057 3227 λέγειν·
1083 3140 1137 3229 μα’-

136 3250 171 3309 σο
188 3260 284 3303 ταιον
302 3236 340 3306 δέ
362 3234 454 3325 ὀροῖν
474 3236 533 3308 τόν
553 3240 655 3329 λόγον
673 3244 730 3311 καλ
749 3247 788 3312 ἐν
811 3254 874 3334 ι’σφ
894 3240 936 3312 τὰ
956 3242 1065 3313 πολλὰ
1079 3258 1138 3321 τοῖς

189 3332 313 3420 ὀλίγοις
342 3340 573 3429 λεχθησόμενα
603 3340 686 3427 πρός
709 3342 913 3423 ύντιπύλους
937 3342 1036 3426 ὄντας
1062 3340 1138 3433 ὑμᾶς

191 3431 232 3503 ού
247 3442 397 3519 δικαίους
409 3441 523 3529 κριτὰς
538 3444 690 3531 παύομαι
703 3447 821 3534 λέγων.
853 3449 915 3517 ἕνα
935 3447 974 3516 δέ
993 3442 1135 3535 ύπολαμ-
1159 3481 1163 3492 ·
1179 3486 1181 3490 ¹
