2367 3850
375 132 604 197 -A-
921 134 963 197 43

36 302 156 393 φόουσιν
167 297 209 370 06
222 297 304 391 παρ’
319 296 431 381 ἄλλοις
445 304 573 388 μᾶλλον
592 292 615 387 ἦ
631 293 723 386 παρὰ
735 300 833 384 σφίσι
851 296 963 385 γίνοι·

35 434 69 475 το.
97 404 146 475 καλ
164 413 198 473 εί
213 433 263 486 τις
277 400 415 494 ἀφελών
438 400 475 473 τό
490 406 648 492 μυθῶδες
661 404 723 469 τοῦ
740 397 844 487 λόγου
857 396 965 489 χόρος

42 508 48 533 ’
36 506 133 595 ιρετην
144 507 251 634 ίξετφλζ
235 517 303 593 ζειν
312 506 516 597 θελήσειεν,
524 508 557 589 ἐξ
571 495 611 593 ἧς
619 504 716 592 γένος
725 501 762 572 τό
771 500 966 592 ἀνθρώπων

37 618 163 690 τλείσιας
186 608 397 737 εὐφροσύνας
413 607 639 735 ἐκαρπόσφιτο
658 604 845 695 γενόμενον
860 602 966 686 εόθδς

38 712 80 783 δι’
93 716 182 783 ἐκ
140 740 199 801 γης
212 710 288 794 696
303 711 443 793 παλαιός
460 721 527 800 ἔχει
545 709 662 799 λόγος,
681 706 743 779 εἴτ’
760 706 870 789 ἄλλως
882 724 999 795 πως,σ

37 844 80 885 ιυι
91 844 128 885 αν
141 842 232 903 ευροι
244 843 366 906 ταυτης
378 844 454 886 τινα
467 807 796 903 ἐπιτηδειοτέραν.
772 840 817 893 ους
829 840 893 902 γαρ
906 818 966 902 μίιι

38 949 65 1007 γρ
80 944 151 1008 προς
170 921 287 1007 ἑτέραν
307 926 485 1007 κρίνεσθαι
502 917 668 1004 τοσαύτην
686 943 725 986 το
714 912 967 1002 μίγεθος,οό

38 1021 115 1110 μόνον
126 1028 180 1110 τῆς
191 1020 377 1113 Εὐρώπης,
391 1019 476 1093 ἀλλά
488 1023 598 1091 ιιαλ
558 1048 616 1110 της
629 1016 760 1108 ἀλλης
741 1020 872 1108 απάσης
881 1046 965 1105 ιιρα·

39 1132 108 1213 τίσιη
120 1122 194 1195 ’κατ’
209 1124 295 1214 ἐμὴν
308 1126 409 1209 δόξαν
424 1127 516 1197 ἐστὶν
527 1122 659 1193 Ἰταλία.
681 1127 789 1192 καίτοι
802 1149 844 1209 με
856 1119 898 1193 06
910 1124 965 1192 λό-

39 1237 120 1315 ληθεν
131 1225 179 1297 ὅτι
192 1238 328 1308 πολλοῖς
341 1225 382 1299 06
397 1226 496 1298 πιστὰ
509 1227 596 1311 δόξαι
610 1228 739 1313 λέγειν,
752 1226 964 1315 ἐνθυμουμί·
984 1244 1017 1297 10

40 1358 91 1410 υοις
107 1330 277 1418 Αἴγυπτόν
297 1359 334 1403 τε
354 1332 411 1402 καὶ
432 1330 564 1420 Λιβύην
584 1331 642 1399 καὶ
654 1333 845 1417 Βαβυλῶνα
863 1330 922 1397 nal
935 1334 967 1397 εί

42 1430 70 1520 δη
79 1461 154 1514 τινες
172 1432 267 1505 όλλοι
282 1440 384 1524 γοόροι
379 1440 484 1504 ἐἰσιν
498 1431 711 1522 εὐδαίμονες·
732 1428 805 1501 ἀλλ’
822 1428 940 1518 ίγιό
906 1457 968 1499 τον

31 1538 109 1603 ’λα’
75 1564 124 1625 γης
134 1543 278 1609 πλοῦτον
296 1535 359 1608 οὐκ
373 1542 411 1608 ἐν
428 1566 487 1629 μιφι
475 1542 636 1626 τίθεμαι
647 1538 789 1624 καρπόν
802 1535 877 1626 ίδέφ
889 1529 964 1603 066’

43 1644 193 1727 εἰσέρχεταί
202 1668 244 1730 με
257 1645 352 1729 ζῆλος
364 1640 541 1730 οἰκήσεως,
557 1629 632 1729 ἐνῇ
646 1636 752 1727 μόνον
765 1634 887 1707 είσλν”
864 1663 966 1761 αρφυ-

43 1768 81 1827 ροι
94 1750 214 1833 πίονες,
235 1773 306 1815 τοιν
327 1741 360 1815 6'
377 1743 490 1815 ἀλλων
507 1740 588 1815 οὐδὲ
589 1770 611 1811 ν
632 1771 654 1830 η
638 1737 782 1831 ’βραχύ
800 1767 834 1810 τι
852 1737 966 1828 χρήσι·
985 1762 1018 1815 15

44 1871 100 1932 μου,
122 1843 192 1917 ἀλλ’
215 1844 287 1938 ἥτις
315 1843 359 1917 ἀν
387 1858 439 1938 είη
468 1844 739 1935 πολυαρκεστάτη
761 1871 799 1914 τε
823 1845 880 1913 παλ
898 1870 968 1913 των
1045 1833 1050 1841 ’

44 1950 215 2022 ίιιεισάιιτοιν
236 1948 377 2041 ἀγαθόν
396 1953 450 2022 ἐπλ
471 1950 509 2022 τὸ
523 1948 611 2020 πολό
625 1948 797 2038 ἐλάχιστον
816 1948 968 2036 δεομένη,

43 2075 140 2142 ιουιηυ
150 2063 328 2145 κρατίστην
350 2053 436 2127 εἶναι
450 2060 631 2142 λογίζομαι.
657 2058 756 2122 τοῦτο
775 2048 860 2120 66
826 2077 865 2122 το
877 2077 967 2138 παμ-

44 2153 89 2242 φόρ
90 2182 124 2224 ον
134 2161 187 2227 καλ
200 2159 418 2247 πολυωφελὲς
431 2155 510 2244 παρ’
523 2154 683 2283 ηντινοῦν
696 2151 801 2243 ἀλλην
814 2159 879 2244 γῆν
885 2151 968 2222 ’·1τα

46 2263 98 2326 ίου
110 2266 190 2347 ἔχειν
203 2266 376 2349 πείθομαι
985 2279 1020 2330 20

97 2361 255 2434 XXXVII.
279 2362 329 2433 06
352 2362 416 2453 γὰρ
436 2360 581 2453 ἀρούρας
594 2360 657 2450 μὲν
675 2357 807 2448 ἀγαθὰς
826 2363 895 2445 ἐγσι
912 2355 969 2424 καὶ

46 2463 153 2554 σολλάς,
186 2465 349 2555 ἄδενδρος
376 2464 408 2538 δ’
435 2460 568 2536 ἐστὶν
545 2493 589 2545 ως
610 2464 801 2552 σιτοφόρος·
824 2455 899 2530 οὐδ’
924 2449 970 2527 αὖ

47 2564 110 2646 λλσᾶ
131 2569 189 2658 μὲν
202 2568 300 2660 snam}
324 2585 465 2640 παντοία
479 2570 692 2694 θρέψφισθαι,
711 2571 911 2654 σπείρεσθαι
932 2559 968 2632 δ’

48 2660 238 2760 οοδευδρλτις
250 2669 484 2760 ὀλιγόκαρπος·
498 2666 605 2742 οὐδ”
583 2695 684 2758 αμφοι
694 2669 756 2757 μὲν
768 2673 873 2737 ταῦτα
882 2691 968 2753 παρ·

48 2767 273 2902 ἕηειυδαφιλης,
292 2771 612 2867 προβατεύεσθαιδ’
625 2770 870 2861 ἀνεπιτήδειος·
889 2766 965 2840 οὐδ’
985 2789 1019 2840 25

49 2895 76 2936 “²²
84 2900 125 2954 τις
133 2905 235 2968 αυτην
245 2886 328 2969 φαίη
339 2877 559 2964 πολυυαρπον
567 2877 630 2967 μὲν
639 2876 725 2946 εἶναι
737 2876 795 2943 καὶ
803 2871 969 2944 πολυδευ

51 2975 169 3059 λρονκαλ
181 2981 384 3109 πολύδριον,
398 2975 639 3107 ἐνδιαίτημαδ
654 2976 850 3066 ἀνθρώποις
860 2970 969 3060 ὑπέρ·

50 3099 98 3158 μιν
50 3078 215 3174 χάχαρι·
229 3081 303 3155 ἀλλ’
322 3090 392 3154 ἔστι
411 3083 519 3173 πόσης
533 3080 577 3165 69
591 3091 699 3154 είπελν
714 3077 839 3170 ἡδονης
858 3104 896 3148 τε
913 3077 971 3145 ml

52 3172 131 3301 ὤφελε
117 3192 178 3268 είας
190 3193 346 3269 ἔκπλεως.
361 3195 458 3268 ποίας
471 3185 583 3277 μὲν
545 3215 610 3274 γαρ
624 3192 774 3256 λείπεται
788 3177 970 3269 σιτοφόρου
1064 3183 1067 3190 '

52 3279 232 3377 μὴποιαμοσς
243 3289 328 3362 ἀλλὰ
341 3309 410 3372 τοῖς
418 3286 719 3378 οὐρανίοιςόδασιν
732 3278 971 3374 ἀρδομένης
929 3307 971 3352 τοι
987 3303 1021 3356 θλ)

53 3389 402 3485 οολοόμεναΚαμπυνοόν
410 3400 520 3478 ίιεδία,
529 3387 612 3463 ἐν
575 3421 626 3473 οις
634 3379 1005 3479 ἐγωιιαλτριιιαρπους

30 3447 237 3586 δίθεασόμηυ’
219 3497 366 3590 αροόρας
385 3495 526 3587 θερινόν
539 3497 595 3566 ἐπὶ
608 3519 785 3584 χειμερινφι
769 3488 856 3559 ‘aaz
874 3515 969 3577 μετο
