2367 3850
421 150 650 217 -Α-
949 158 1009 221 101

55 315 224 405 τραύματα
240 315 279 385 δδ
292 313 396 387 πολλὰ
417 314 501 408 πρός
513 320 583 387 τάν
595 320 780 406 μειρακίων
800 316 960 405 λαβόντες
979 326 1016 391 οἱ

54 446 109 489 του
95 419 319 509 Νεμέτορος
336 424 395 491 καί
406 448 500 501 τινας
520 416 803 501 ἀπολέσαντες
756 446 825 489 των
837 424 1012 509 σφετέρων

53 525 104 593 καί
117 529 190 593 τῶν
210 528 347 614 χωρίων
361 521 444 593 κατά
459 522 578 613 κράτος
598 520 664 613 ἤδη
677 522 902 613 ἐξειργόμενοι
921 551 1009 613 παρ·

54 618 272 711 εσκενάξοντο
291 625 394 697 δόλον
413 624 487 697 τινὰ
512 622 564 695 ἐπ’
583 622 714 707 αύτούς.
739 635 1011 717 προλοχίσαντες

54 729 91 819 δή
110 736 169 819 τῆς
191 728 367 853 φάραγγος
379 756 417 799 το
406 726 557 817 άφαυὲς
578 732 634 798 καὶ
648 734 852 817 συνθέμενοι
866 747 937 811 τοῖς
952 740 1008 801 λο
1027 748 1045 799 ο

54 838 129 921 χόσι
142 830 185 903 τά
200 832 357 922 μειράκια
370 830 430 902 τὸν
442 838 501 923 τής
515 835 699 916 ἐπιθέσεως
710 831 840 922 καιρόν,
854 861 888 903 οι
878 835 1011 905 λοιποί

54 934 130 1005 κατά
156 940 291 1025 πλῆθος
316 933 433 1006 ἐπὶ
397 962 438 1005 τα
455 926 693 1027 μανδρεύματα
713 934 825 1007 αύτοῖν
851 936 1063 1041 [νύκτωρ]

55 1041 228 1127 ἐπέβαλον.
247 1034 410 1127 Ῥωμύλος
421 1030 536 1127 μὲν
496 1067 560 1109 ουν
572 1038 633 1110 τόν
645 1039 767 1129 χρόνον
779 1044 900 1109 τούτου
913 1040 1011 1129 ἐτύγ·

55 1168 151 1229 χανεν
170 1138 243 1230 ἅμα
268 1157 338 1224 τοῖς
363 1142 639 1230 ἐπιφανεστάτοις
664 1148 733 1212 τάν
759 1169 924 1231 κωμήτων
948 1168 1009 1214 πο-

56 1244 235 1334 ρευόμενος
251 1256 298 1326 είς
312 1272 346 1315 τι
359 1252 483 1334 χωρίον
497 1254 666 1317 Καινίναν
679 1243 953 1336 όνομαζόμευονί
951 1242 1011 1335 ερδι
1029 1265 1062 1317 1⁰

56 1348 199 1437 ποιήσων
213 1344 300 1437 ὑπὲρ
315 1354 376 1417 τού
388 1354 505 1419 κοινοῦ
519 1348 657 1438 πάτρια·
670 1346 791 1439 Ῥῶμος
805 1348 842 1419 δὲ
854 1346 917 1438 τήν
930 1356 1012 1438 ἔφο-

59 1458 112 1521 δον
138 1448 256 1522 αύτοῑν
282 1451 485 1541 οιίσθόμενος
510 1452 682 1543 ἐξεβοήθει
710 1450 826 1541 λαβύν
857 1449 898 1522 τά
925 1449 1012 1523 όπλα

59 1556 239 1643 διαταχέων
264 1550 400 1653 ὀλίγους
426 1560 494 1625 τόν
519 1560 555 1626 ἐκ
590 1561 650 1646 τῆς
673 1556 788 1646 κόμης
814 1556 1014 1644 φθάσαντας
1096 1580 1100 1600 ¹

59 1654 132 1728 καθ’
148 1664 187 1729 ἓν
201 1660 364 1747 γενέσθαι
385 1658 600 1748 παραλαβών.
635 1656 787 1731 κύκελνοι
804 1655 846 1730 ού
860 1661 1013 1747 δέχονται

60 1758 170 1847 αύτόν,
193 1758 280 1831 άλλά
294 1760 481 1851 φεύγουσιν
498 1758 708 1851 ὑπαγόμενοι
722 1770 808 1833 ένθα
821 1767 962 1852 ἔμελλον
974 1764 1013 1831 ἐν
1030 1772 1063 1827 15

23 1874 48 1926 λλ
61 1868 144 1959 καλῷ
162 1860 434 1954 ὑποστρέψαντες
451 1865 692 1956 ἐπιθήσεσθαι·
718 1861 787 1936 όδδ
771 1860 922 1955 δῬοῐμος
935 1861 1011 1936 κατ’

62 1963 194 2054 ἄγνοιαν
213 1973 276 2039 τού
295 1968 527 2093 μηχανήματος
546 1967 623 2058 άχρι
643 1975 770 2041 πολλοῦ
796 1968 930 2040 διόκων
951 1967 1012 2039 αύ-

62 2069 131 2150 τούς
151 2071 376 2161 παραλλάττει
395 2097 433 2143 το
421 2070 682 2163 λελοχισμένον
694 2080 835 2198 χωρίον,
856 2069 920 2142 κάν
933 2068 1012 2140 τού·

63 2200 132 2268 τωο
150 2203 186 2245 τε
199 2174 297 2263 λόχος
316 2172 488 2246 άνίσταται
509 2179 566 2246 καί
587 2182 623 2247 οί
638 2176 821 2302 φεύγοντες
846 2153 1012 2298 ὑποστρέ-

64 2284 166 2360 φουσι.
208 2278 463 2366 κυκλωσάμενοι
483 2279 523 2350 δε
545 2277 669 2361 αύτούς
681 2281 738 2351 καὶ
756 2274 930 2358 πολλοτς’
910 2275 1011 2364 αράτ-
1029 2291 1064 2344 20

64 2405 165 2462 τοντες
178 2387 215 2451 λ
213 2387 290 2462 θοις
307 2375 568 2471 λαμβάνουσινο
549 2389 771 2470 υποχειρίους.
809 2381 936 2468 ταύτην
947 2377 1014 2469 γάρ

65 2475 146 2570 εἶχον
165 2490 203 2556 ἐκ
230 2491 299 2554 τόν
320 2489 493 2555 δεσποτῶν
518 2483 580 2575 τήν
600 2486 862 2573 παρακέλευσιν,
889 2489 1015 2568 ζῶντας

66 2583 167 2669 αὐτοῖς
180 2586 259 2668 τούς
272 2595 470 2668 νεανίσκους
482 2595 626 2680 κομίσαι.
660 2586 749 2660 ούτω
762 2589 824 2677 μὲν
837 2585 879 2676 δή
893 2614 1012 2676 χειρω·

65 2692 130 2771 θεὶς
143 2687 292 2778 δῬιῐμος
305 2689 459 2779 ἀπήγετο.

131 2793 265 2864 LXXX.
293 2791 349 2876 Ὡς
373 2794 411 2864 δὲ
435 2795 624 2882 ,Τουβέρων
651 2801 768 2874 Αίλιος
795 2789 906 2873 δεινός
927 2788 1014 2882 άνήρ
1030 2809 1065 2862 λδ

67 2897 202 2986 καὶπερὶ
215 2895 277 2986 τήν
297 2895 500 2984 συναγωγήν
519 2901 577 2985 τής
597 2900 743 2985 ἱστορίας
756 2893 914 2985 ἐπιμελής
931 2894 1013 2985 γρά·
1055 2984 1058 2993 ι

68 3023 132 3084 φει,
151 3000 342 3087 προειδότες
360 3005 394 3069 ολ
410 3004 472 3068 τού
493 3001 682 3088 Νεμέτορος
701 2997 870 3078 θύσοντας
889 2995 1013 3068 τάΛύ·
1041 3067 1050 3074 ,

69 3125 136 3172 κατα
161 3102 239 3186 τούς
259 3107 458 3183 νεανίσκους
483 3107 530 3192 τῷ
546 3102 638 3172 Πανὶ
662 3099 726 3191 τήν
744 3097 943 3190 Ἀρκαδικήν
970 3093 1015 3178 αἱς

70 3201 232 3298 δύανδρος
251 3205 474 3295 κατεστήσατο
494 3212 623 3276 θυσίαν
638 3205 847 3294 ἐνήδρευσαν
862 3200 922 3271 τόν
939 3229 1013 3271 και·

71 3304 123 3394 ρδν
141 3315 271 3382 ἐκεῖνον
291 3313 351 3400 τῆς
371 3314 576 3397 ἱερουργίας,
599 3303 700 3397 ήνίκα
720 3311 821 3396 ἐχρήν
840 3301 918 3385 τούς
938 3304 1015 3390 περὶ
1032 3315 1076 3376 λδ

46 3417 49 3428 ’
72 3408 102 3478 τδ
119 3414 330 3485 Παλλάντιον
347 3417 522 3491 οἰκοῦντας
542 3415 613 3481 των
627 3411 715 3482 νέων
733 3413 771 3481 ἐκ
790 3413 851 3478 τοῦ
863 3414 1016 3483 Λυκαίου

25 3567 26 3598 ,
72 3517 243 3599 τεθυκότας
268 3524 464 3608 περιελθελν
491 3513 607 3608 δρόμφ
632 3511 695 3600 τήν
721 3511 837 3600 κόμην
861 3509 1011 3601 γυμνούς
