2367 3850
420 183 464 194 -
519 151 548 214 B
604 139 658 194 -’
954 151 1014 216 185

47 309 90 381 δν
108 308 235 398 χρόνον
251 307 272 381 ό
290 310 410 401 Νόμας
428 315 484 384 ἐπὶ
504 311 568 403 τὴν
586 317 764 402 βασιλείαν
781 316 930 384 ίκαλελτο
947 309 1016 384 όπό
1077 367 1080 374 «

44 412 220 501 Ῥωμαίων
245 412 341 486 οόπω
359 415 456 498 πόλις
474 406 518 506 ἦν
539 411 560 506 ἡ
578 418 738 505 Κρότων·
771 417 923 506 τέτταρσι
948 415 1014 505 γάρ

46 516 141 596 όλοις
156 513 298 603 ὕστερον
317 524 427 589 ίτεσιν
446 515 469 609 ἢ
488 518 611 608 Νόμαν
631 517 727 608 ἄρξαι
743 513 913 607 Ῥωμαίων
933 519 1011 588 Mv‘·
1054 585 1058 597 ,

47 628 171 700 σκελος
188 617 296 710 αὐτὴν
316 626 448 692 ἔκτισεν
466 624 611 716 ἐνιαυτῷ
626 629 727 716 τρίτφ
739 626 798 708 τῆς
816 623 1012 692 ἑπτακαιδε-
1115 645 1127 666 ·

46 722 154 811 κάπης
176 719 392 812 ὀλυμπιάδος.
432 722 511 794 οὔτε
538 722 580 814 δὴ
606 723 797 816 Πυθαγόρᾳ
822 729 871 818 τῷ
894 730 1048 820 Σαμίφθ
1069 723 1082 748 “

46 830 350 916 συμφιλοσοφῆσαι
368 832 418 921 τῷ
429 825 512 916 μετὰ
524 829 682 916 τέτταρας
696 824 881 916 ἀκμάσαντι
897 826 1016 913 γενεάς

47 926 202 998 δυνατὸν
219 920 263 1016 ἦν
281 928 341 998 τόν
356 930 478 1020 Νόμαν
496 926 570 999 οὔτ’
585 933 624 999 έν
639 930 795 1020 Κρότωνι
816 934 1015 1020 διατρίβειν,

12 1047 33 1099 θ
49 1029 99 1101 ὅτ’
123 1028 233 1101 αὐτόν
252 1031 396 1102 ἐκάλουν
420 1031 476 1103 έπὶ
503 1030 566 1121 τὴν
587 1039 762 1122 βασιλείαν
782 1029 954 1121 Ῥωμαῖοι,
975 1037 1017 1123 τῇ

48 1135 152 1224 μήπω
167 1131 237 1204 τότ’
257 1132 344 1225 οόση
358 1134 462 1206 πόλει.
494 1130 568 1204 ἀλλ’
586 1140 735 1207 ἐοίκασιν
747 1139 783 1205 οί
798 1133 838 1204 τά
852 1130 938 1224 ὑπὲρ
951 1133 1013 1206 αό-

48 1243 109 1306 τοῦ
122 1236 332 1326 γράψαντες,
347 1243 378 1308 εί
389 1237 452 1328 χρὴ
465 1238 567 1321 δόξαν
579 1244 672 1310 ίδίαν
684 1236 938 1327 ἀποφήνασθαι,
952 1236 1015 1308 δόο
1033 1258 1066 1311 10

49 1345 158 1410 ταῦτα
186 1341 346 1430 λαβόντες
369 1338 639 1431 ὁμολογούμενα,
665 1341 728 1431 τήν
747 1368 785 1411 τε
806 1338 1015 1428 Πυθαγόρου

50 1440 232 1533 διατριβὴν
244 1441 308 1531 τὴν
320 1447 505 1533 γενομένην
518 1448 557 1514 έν
568 1442 687 1537 Ἰταλίᾳ
703 1445 760 1513 καί
773 1441 835 1532 τὴν
844 1443 944 1532 Νόμα
957 1463 1016 1512 σο·-

50 1552 136 1634 φίαν
158 1541 383 1635 (ὡμολόγηται
402 1546 467 1636 γάρ
478 1542 547 1616 ὑπὸ
568 1548 706 1617 πάντων
719 1541 737 1615 ό
752 1543 838 1635 ἀνὴρ
854 1547 1017 1633 γενέσθαι

49 1648 173 1736 σοφός)
200 1647 405 1732 ἐπισυνάψαι
426 1654 533 1720 ταῦτα
558 1651 616 1719 καὶ
643 1653 779 1738 ποιῆσαι
806 1647 1017 1736 Πυθαγόρου

51 1747 211 1840 μαθητὴν
228 1748 288 1820 τὸν
300 1748 422 1841 Νόμαν
440 1749 554 1822 οόκέττ
574 1748 760 1840 τούςςβίους
775 1748 890 1821 κάτων
907 1750 1015 1834 έξετά-
1034 1763 1067 1816 15

51 1873 172 1934 σαντες
193 1859 226 1924 εί
235 1851 321 1924 κατά
341 1852 418 1937 τούς
432 1853 556 1938 αὐτοὺς
568 1853 722 1946 ἤκμασαν
735 1852 916 1944 άμφότεροι
937 1852 1015 1943 χρό-

51 1984 152 2043 νους,
172 1953 257 2045 ὅπερ
280 1955 346 2044 έγόι
362 1967 528 2048 πεποίηκα
540 1964 622 2029 νῦν·
643 1964 675 2028 εί
686 1958 731 2048 μή
745 1986 795 2039 τις
812 1956 877 2047 δι’ρα
890 1967 1015 2027 Ποθα-

51 2060 161 2150 γόραν
174 2062 294 2149 ἕτερον
312 2057 521 2149 ὑποθήσεται
540 2059 606 2149 πρὸ
619 2066 680 2131 τοῦ
693 2068 827 2151 Σαμίου
841 2062 1027 2161 γεγονέναι.

51 2161 241 2251 παιδευτὴν
259 2168 398 2252 σοφίας,
420 2155 449 2257 ιβ
467 2167 705 2255 συνδιέτριψεν
721 2159 740 2233 ὁ
759 2163 885 2253 Νόμας.
919 2166 1017 2231 τοῦτο

53 2264 87 2336 δ’
100 2262 169 2335 οὐκ
182 2263 251 2335 οἶδ’
266 2262 357 2347 ὅπως
376 2262 420 2335 ἂν
440 2264 612 2350 ἀποδείξαι
627 2266 766 2337 δύναιτο
786 2262 930 2355 μηδενὸς
949 2267 1018 2333 τάν
1034 2278 1069 2331 20

50 2367 240 2457 ἀξιολόγων
256 2367 339 2459 μήτε
355 2364 518 2457 Ῥωμαίου
535 2367 620 2460 μήθ’
642 2367 818 2457 Ἕλληνος,
846 2365 907 2437 ὅσα
934 2362 1019 2455 κάμδ

52 2474 197 2557 εἰδέναι,
213 2470 494 2560 παραδεδωκότος
515 2477 553 2544 έν
574 2480 712 2565 ἱστορίᾳ.
754 2468 838 2540 άλλά
859 2470 936 2559 περὶ
955 2469 1018 2556 μὲν

51 2575 184 2646 τούτων
197 2572 282 2655 ἅλις.
437 2654 441 2661 ¹

128 2677 202 2747 LX.
219 2674 256 2747 ‘0
269 2677 308 2747 δὲ
322 2675 440 2766 Νόμας
452 2674 669 2766 άφικομένων
686 2671 731 2756 ὥς
745 2671 848 2769 αὐτόν
866 2675 1019 2761 [τούτων]

52 2780 330 2850 τῶνδιαλοάντων
343 2783 398 2850 ἐπὶ
409 2779 472 2868 τὴν
484 2779 682 2869 ἡγεμονίαν,
696 2781 777 2859 τέως
789 2778 852 2868 μέν
862 2775 1020 2865 ἀντέλεγε
1037 2794 1070 2848 25

53 2879 109 2952 καὶ
123 2886 222 2972 μέχρι
243 2889 372 2953 πολλοῦ
385 2884 554 2972 διέμεινεν
568 2879 821 2973 άπομαχόμευος
842 2881 888 2971 μὴ
902 2890 1020 2971 λαβεῖυ

53 2984 116 3073 τὴν
130 2984 259 3075 άρχήν,
286 2982 331 3066 τός
357 2986 395 3057 δέ
414 2992 451 3057 οἵ
466 3012 503 3055 τε
522 2982 665 3073 ἀδελφοὶ
683 2987 897 3075 προσέκειντο
920 2993 1019 3051 λιπα-

55 3094 195 3174 ροῦντες
209 3090 266 3158 καί
279 3092 448 3158 τελευτῶν
466 3084 485 3156 ὁ
504 3095 613 3177 πατὴρ
629 3086 692 3159 οὐκ
706 3087 801 3177 ἠξίου
817 3084 1021 3175 τηλικαύτην

9 3204 41 3257 λδθ
56 3190 157 3281 τιμὴν
171 3196 356 3281 διδομένην
369 3188 603 3279 άπωθείσθαι,
621 3195 775 3279 συνέγνω
788 3190 947 3277 γενέσθαι
960 3194 1021 3275 βα·

54 3294 185 3375 σιλεάς·
200 3309 271 3374 τοῖς
284 3296 322 3365 δέ
331 3292 503 3381 Ῥωμαίοις
515 3296 722 3383 πυθομένοις
735 3290 942 3379 ταῦταπαρά
954 3294 1022 3360 τῶν
1038 3310 1073 3363 30

56 3402 294 3487 πρεσβευτῶν,
309 3400 391 3487 πρὶν
403 3394 480 3480 ὄψει
495 3394 554 3467 τόν
566 3395 676 3481 ἄνδρα
694 3401 783 3465 ίδεῑν
797 3392 902 3473 πολός
917 3391 1022 3463 αὐτοῦ

56 3503 206 3591 παρέστη
226 3500 349 3588 πόθος,
376 3497 494 3571 ίκανδν
512 3495 710 3588 ἡγουμένοις
730 3494 911 3583 τεκμήριον
935 3495 1022 3565 εἶναι
